2744 4138
300 165 384 228 56
913 183 1039 229 xm
1084 185 1159 230 ro
1205 182 1324 229 'run
1369 167 1553 229 mnu
1598 180 1875 230 mmmm.

298 336 363 390 et
377 331 760 390 umbratilem
776 332 1084 411 regionem
1105 354 1313 394 rursus
1335 335 1654 394 delabitur.
1696 325 1987 394 Attamen
2005 353 2191 410 quum
2212 336 2505 394 mentem

297 444 454 502 saepe
479 425 714 502 agendo
735 430 797 484 et
823 426 1180 504 experiendo
1207 427 1324 488 sibi
1350 429 1535 487 robur
1554 446 1899 506 comparare
1924 445 2256 499 cernamus,
2283 425 2498 484 haud-

297 535 603 593 quaquam
657 516 1098 592 desperandum
1162 523 1273 590 est,
1328 518 1514 578 immo
1581 538 1762 596 opera
1815 537 2000 595 quam
2066 517 2502 576 strenuissime

298 608 592 679 navanda,
616 613 686 666 ut
705 608 1033 667 identidem
1055 610 1399 686 reponendo
1419 611 1595 680 vires,
1614 612 1799 688 inque
1820 610 2002 668 altius
2023 609 2291 682 nitendo,
2309 609 2501 686 paul-

291 700 466 760 latim
492 701 560 759 in
587 700 996 759 sublimiorem
1024 701 1223 760 locum
1251 702 1704 775 contendamus,
1729 707 1791 762 et
1817 708 2051 761 naturae
2078 699 2499 760 imbecillitati

296 797 357 852 et
387 793 644 852 caecitati
667 793 998 852 remedium
1025 794 1357 865 afferamus,
1388 795 1646 870 vitaeque
1673 794 1835 852 illius
1861 795 1929 851 in
1956 795 2085 852 veri
2112 793 2503 868 contempla-

296 884 461 944 tione
488 889 744 944 versatae
769 891 1003 963 partem
1028 892 1276 964 gustare
1304 886 1763 965 possimus—J.
1793 885 1871 944 Y.
1906 884 2202 944 SARGEN'r.

940 1099 1115 1162 XVI.
1203 1103 1445 1180 (Hmffl,
1484 1103 1725 1164 Charles
1752 1103 1841 1180 I.)

411 1243 502 1302 Ut
523 1257 705 1320 quam
724 1243 1084 1304 amicissime
1106 1245 1181 1304 de
1205 1264 1276 1304 eo
1289 1245 1649 1322 judicemuS,
1673 1245 2031 1324 gravitatem
2056 1242 2176 1302 viri
2198 1243 2489 1322 superbi&

289 1335 571 1407 caruisse,
599 1336 950 1394 infirmitate
975 1337 1416 1396 humanitatem
1445 1338 1746 1408 dicemus;
1789 1339 1858 1394 ut
1882 1336 2103 1395 fortem
2132 1357 2247 1395 nec
2273 1343 2483 1396 tamen

291 1428 696 1500 temerarium,
718 1432 790 1485 ut
810 1428 941 1486 sine
966 1429 1288 1488 severitate
1305 1421 1728 1507 temperatum,
1749 1429 1874 1488 sine
1896 1427 2153 1488 avaritia
2171 1433 2484 1488 attentum

292 1519 709 1593 laudabimus3
751 1527 823 1579 ut
851 1521 1104 1598 denique
1131 1522 1390 1581 virtutes
1430 1542 1573 1581 suas
1613 1541 1818 1580 omnes
1858 1521 2039 1600 justis
2066 1521 2287 1593 finibus
2316 1521 2481 1580 cohi-

293 1613 555 1687 bentem,
596 1614 848 1691 ideoque
888 1615 1177 1691 majorem
1231 1613 1471 1674 laudem
1524 1615 1965 1674 commeritum.
2050 1613 2279 1673 Contra
2317 1634 2483 1674 acer-

293 1707 540 1767 bissime
566 1708 882 1787 judicanti,
912 1728 1050 1767 cum
1089 1708 1248 1768 bona
1286 1709 1642 1786 plerumque
1666 1709 1871 1767 indole
1909 1708 2185 1766 nonnihil
2223 1708 2479 1767 occultae

293 1799 663 1858 infirmitatis
704 1800 1096 1877 conjunctum
1135 1798 1320 1858 fuisse
1361 1799 1683 1870 videbitur,
1727 1798 1887 1875 quod
1916 1798 2051 1856 visu
2092 1799 2486 1875 quantumvis

293 1911 571 1968 parvum,
599 1892 928 1970 adjuvante
955 1892 1238 1950 Fortunae
1279 1892 1681 1968 malignitate,
1711 1890 2143 1968 impedimento
2169 1891 2375 1963 fuerit,
2406 1911 2487 1950 ne

294 1984 454 2060 quod
480 1984 624 2043 boni
649 1984 918 2056 haberet,
943 1983 1007 2040 in
1035 1984 1213 2042 rebus
1241 1984 1521 2060 gerendis
1549 1984 1792 2042 valeret.
1878 1983 2091 2060 Neque
2112 1984 2273 2042 enim
2303 1985 2481 2042 bene·

294 2077 621 2135 volentiam
648 2076 835 2136 animi
860 2076 1076 2135 habitu
1105 2077 1252 2135 satis
1281 2077 1437 2135 comi
1465 2076 1957 2148 commendabat3
2000 2097 2195 2154 neque
2235 2078 2482 2155 pietatis

294 2168 538 2226 laudem
590 2168 831 2240 meruit,
887 2168 1055 2226 nulla
1119 2168 1569 2245 superstitionis
1636 2168 1973 2245 suspicione
2028 2168 2252 2229 addite.
2364 2169 2483 2244 Qui

295 2260 426 2338 ipse
452 2260 526 2318 de
565 2259 746 2317 rebus
787 2258 1013 2338 optime
1045 2259 1318 2336 judicare
1346 2261 1571 2337 potuit,
1607 2258 1921 2318 sententiis
1960 2254 2122 2318 idem
2162 2260 2341 2335 longe
2381 2261 2483 2320 de-

293 2352 621 2412 terioribus
647 2350 1122 2428 obsequebatur3
1165 2356 1230 2409 et
1254 2352 1320 2409 in
1346 2352 1568 2409 affectu
1595 2352 1783 2410 animi
1810 2346 2161 2429 plerumque
2188 2353 2482 2425 modesto,

295 2444 512 2504 subitis
541 2450 603 2502 et
641 2442 981 2501 immaturis
1023 2442 1290 2501 consiliis
1316 2442 1485 2502 locus
1525 2462 1651 2501 non
1677 2442 1887 2501 defuit.
1972 2443 2035 2501 Is
2064 2444 2324 2521 denique
2351 2450 2485 2503 erat

294 2556 476 2615 quem
515 2535 742 2595 bonum
782 2534 983 2611 potius
1031 2553 1214 2611 quam
1261 2552 1552 2611 magnum
1595 2534 1958 2606 habeamus3
2021 2532 2127 2611 qui
2173 2555 2285 2595 nec
2329 2531 2505 2595 satis'

293 2627 511 2687 habilis
550 2627 630 2685 ad
670 2625 1138 2698 concedendum,
1167 2644 1278 2683 nec
1305 2626 1455 2684 satis
1494 2626 1575 2685 ad
1600 2627 1727 2685 vim
1766 2626 2145 2686 inferendam
2185 2648 2341 2701 acer,
2380 2648 2483 2688 res

292 2720 604 2779 ordinatas
631 2719 942 2777 continere
967 2718 1171 2795 potius
1199 2737 1383 2795 quam
1409 2723 1717 2777 tumentes
1745 2738 2020 2778 coercere
2046 2724 2266 2797 posset.
2338 2719 2479 2793 Qui,

291 2813 614 2892 imperium
643 2812 820 2870 modo
859 2812 1169 2888 integrum
1195 2816 1258 2870 et
1297 2811 1526 2869 nemini
1552 2812 1881 2871 obnoxium
1922 2812 2172 2871 sortitus
2202 2818 2378 2883 esset,
2412 2812 2483 2871 ea

290 2905 684 2978 humanitate,
727 2905 797 2963 ea
837 2902 1160 2981 prudentia
1197 2903 1332 2974 fuit,
1363 2924 1499 2981 quae
1538 2904 1601 2961 in
1642 2904 1999 2963 felicitatem
2037 2907 2372 2983 regnantis,
2413 2906 2483 2964 in

289 2997 642 3055 memoriam
663 2996 932 3056 defuncti
947 2996 1273 3055 vertissent
1297 3019 1310 3067 ;
1341 3015 1452 3072 pro
1472 2996 1829 3073 integritate
1842 2996 2023 3070 idem,
2047 2998 2099 3056 si
2120 3002 2483 3075 potestatem

221 3149 226 3153 ,
288 3088 518 3167 regiam
563 3089 746 3147 certis
787 3088 1008 3146 finibus
1047 3089 1413 3165 descriptam
1448 3088 1796 3167 accepisset,
1843 3088 2136 3147 terminos
2178 3089 2292 3148 sibi
2332 3110 2478 3168 prae-

289 3181 548 3257 scriptos
575 3178 812 3239 summa
837 3180 955 3238 fide
997 3186 1368 3239 servaturus.
1454 3180 1800 3239 Infortunio
1828 3187 2032 3238 autem
2060 3182 2127 3239 in
2166 3200 2299 3240 eam
2324 3188 2479 3241 tem·

288 3278 584 3352 pestatem
623 3272 858 3344 incidit,
889 3292 1076 3349 quum
1117 3272 1389 3349 priorum
1416 3273 1691 3352 exempla
1729 3292 2060 3351 regnorum
2089 3293 2163 3331 ex
2202 3274 2477 3353 imperio,

287 3366 546 3443 populus
573 3369 778 3422 autem
803 3364 869 3421 in
896 3364 1237 3422 libertatem
1265 3383 1599 3441 propensus
1626 3368 1775 3423 erat.
1841 3363 1961 3438 Qui
1988 3365 2041 3423 si
2067 3386 2142 3425 ex
2167 3366 2242 3424 iis
2268 3387 2478 3425 rerum

287 3456 608 3535 angustiis,
651 3455 887 3515 consilii
933 3454 1127 3533 culpa,
1171 3455 1370 3514 minus
1412 3455 1669 3516 feliciter
1707 3457 1987 3528 evaserit,
2027 3459 2473 3517 excusationem

287 3548 505 3609 habet:
551 3549 835 3626 quoniam
876 3568 952 3607 ne
992 3567 1156 3607 nunc
1198 3546 1445 3625 quidem
1485 3548 1697 3625 liquet,
1725 3548 1791 3607 in
1831 3568 1897 3607 re
1936 3548 2255 3625 praeterita,
2299 3551 2476 3628 cujus

284 3640 575 3700 facillima
601 3641 752 3701 solet
771 3659 900 3699 esse
927 3659 1198 3711 censura,
1224 3638 1343 3717 qua
1353 3640 1622 3714 ratione,
1642 3640 1709 3698 in
1728 3640 1835 3699 illa
1848 3640 2109 3713 fortuna,
2134 3646 2196 3700 et
2213 3644 2471 3702 auctori·
2566 3679 2572 3687 ·

283 3733 400 3791 tati
426 3734 607 3811 regiae
634 3739 696 3793 et
721 3732 1056 3792 concordioe
1082 3731 1289 3809 populi
1318 3732 1746 3791 satisfacturus
1771 3731 1999 3791 fuisset.
2084 3732 2319 3813 Nempe
2344 3734 2471 3793 fac-

281 3824 547 3885 tionibus
586 3824 848 3901 furiosis,
890 3823 1389 3905 implacabilibus,
1432 3824 1771 3898 obstinatis,
1802 3828 2025 3884 exutus
2052 3825 2469 3905 vectigalibus,
