2744 4138
309 171 394 235 50
920 185 1047 232 nr
1089 186 1165 232 ro
1209 187 1334 232 'rim
1379 185 1564 230 wrm
1609 184 1887 232 iamim.

310 334 535 412 quippe
559 333 996 413 postulationes
1037 339 1098 396 et
1125 333 1308 394 dandi
1347 335 1613 404 modum,
1642 339 1931 412 tanquam
1972 333 2218 394 deorum
2259 334 2503 413 opibus,

308 427 630 486 excedunt.
709 427 926 506 Neque
963 427 1028 486 id
1068 433 1362 504 spectant,
1394 427 1542 505 quid
1582 435 1925 488 mereantur
1962 427 2083 500 alii,
2115 427 2335 505 quidve
2377 428 2503 506 ipsi

305 519 540 597 possint
557 545 574 578 ε
615 520 722 579 sed
759 519 1150 580 beneficentia
1177 520 1382 598 potius
1410 539 1473 580 se
1499 519 1663 598 ipsos
1683 521 1984 581 oblectare
2013 519 2244 579 volunt.
2326 520 2505 578 Laxa

306 612 657 696 hujusmodi
707 611 908 671 indole
959 631 1168 688 regem
1225 611 1636 671 Alexandrum
1688 613 1916 692 primas
1967 617 2171 690 partes
2225 612 2501 672 tenuisse

305 703 570 781 reperio:
643 703 749 780 qui
803 703 958 762 bella
1007 703 1095 761 ita
1147 703 1409 780 gesserit
1459 710 1533 764 ut
1586 704 1789 764 omnia
1853 703 2272 781 concupiscere
2324 703 2498 762 vide-

304 803 507 856 retur:
548 795 802 872 largitus
841 798 1083 853 tantum
1128 794 1210 853 sit
1249 800 1323 853 ut
1368 795 1572 855 omnia
1606 815 1717 875 pro
1764 796 1955 856 nihilo
2000 795 2265 855 haberet.
2348 797 2499 855 Non

307 889 416 948 sua
439 889 548 947 sed
592 887 926 947 amicorum
965 887 1176 947 caussa
1213 887 1435 950 vicisse
1478 907 1615 947 eum
1654 893 1867 966 putes:
1908 889 2137 965 cepisse
2181 892 2385 946 autem
2419 893 2497 946 ut

306 985 464 1040 esset
488 980 648 1038 unde
675 979 961 1038 donaret:
1004 983 1076 1036 ut
1101 984 1288 1038 tantae
1313 979 1501 1039 dandi
1529 981 1922 1058 capiendique
1948 979 2188 1038 libidini
2217 980 2322 1040 vix
2360 979 2495 1059 ipse

300 1078 599 1131 terrarum
626 1071 788 1130 orbis
817 1071 1208 1130 satisfaceret.
1295 1071 1511 1130 Oranti
1542 1072 1762 1150 quippe
1780 1071 2003 1131 Perillo
2031 1071 2233 1131 dotem
2253 1071 2493 1131 filiabus

300 1164 447 1236 suis,
475 1162 916 1240 quinquaginta
955 1162 1166 1220 statim
1205 1163 1441 1222 talenta
1481 1163 1613 1222 dari
1644 1163 1850 1242 jussit.
1933 1163 2047 1222 Ille
2088 1163 2492 1240 autem—qua

299 1260 434 1315 erat
477 1254 1061 1313 modestia—decem
1106 1255 1255 1313 satis
1298 1275 1429 1314 esse
1455 1255 1559 1326 ait,
1589 1256 1689 1314 cui
1730 1275 1836 1314 rex
1878 1256 2210 1335 respondit,
2239 1256 2389 1314 satis
2436 1255 2491 1314 ei

298 1347 359 1406 fo
463 1405 468 1412 ,
491 1365 558 1405 se
587 1346 695 1424 qui
719 1347 1036 1424 acciperet,
1065 1366 1280 1424 parum
1308 1367 1451 1407 vero
1480 1347 1594 1407 sibi
1622 1348 1727 1426 qui
1754 1349 1943 1407 daret.

356 1351 488 1580 γ
1071 1483 1082 1490 ·
1747 1439 1821 1500 G.
1851 1441 1917 1500 F.
1949 1456 2025 1498 ns
2066 1439 2365 1499 Tmssms.

1153 1552 1268 1616 VI.
1357 1553 1619 1633 (Gan.)

417 1696 500 1754 Et
525 1695 933 1774 imperantem
973 1695 1225 1755 offendit
1269 1700 1415 1755 tuus
1458 1697 1574 1755 iste
1619 1698 1887 1770 nuntius,
1916 1701 1981 1755 et
2009 1697 2270 1755 multum
2314 1696 2489 1756 doleo

297 1794 600 1848 mortuam
626 1789 779 1847 mihi
804 1809 938 1848 eam
965 1808 1110 1860 esse,
1141 1805 1326 1865 quam
1351 1789 1483 1865 ipse
1510 1809 1749 1866 semper
1773 1790 1973 1861 dilexi,
2002 1790 2237 1867 quaque
2264 1789 2486 1846 famili-

299 1881 572 1940 arissime
597 1902 635 1940 a
659 1901 848 1959 puero
876 1901 1012 1940 sum
1041 1900 1202 1941 usus.
1283 1879 1487 1958 Magis
1526 1887 1730 1941 tamen
1756 1887 1901 1940 tuus
1926 1901 2023 1940 me
2050 1886 2257 1940 movet
2281 1880 2487 1952 dolor;

301 1973 406 2050 qui
459 1973 656 2050 qualis
709 1973 807 2042 sit,
860 1992 1050 2050 quum
1103 1972 1238 2050 ipsa
1289 1971 1550 2030 nimium
1616 1973 1959 2050 perspicias,
2013 1973 2152 2032 nolo
2200 1973 2487 2049 equidem

297 2063 599 2143 persequi,
662 2065 996 2142 praesertim
1065 2084 1250 2142 quum
1295 2064 1495 2145 magis
1534 2065 1665 2143 jam
1716 2065 2185 2126 consolationem
2239 2072 2301 2124 te
2354 2085 2489 2123 eam

300 2158 639 2217 desiderare
665 2157 1020 2234 intelligam,
1051 2177 1233 2234 quam
1273 2157 1377 2215 ille
1404 2177 1563 2216 unus
1601 2157 1794 2235 possit
1832 2158 2064 2228 afferre,
2093 2157 2200 2234 qui
2240 2158 2353 2215 tibi
2379 2178 2491 2236 per

298 2255 394 2309 tot
434 2268 626 2308 annos
668 2255 987 2321 servatam,
1031 2250 1111 2308 ad
1157 2269 1236 2321 se,
1278 2269 1467 2326 quum
1513 2249 1602 2309 ita
1646 2250 1974 2323 statuisset,
2002 2249 2328 2309 revocavit.
2412 2250 2490 2309 Id

299 2341 499 2420 ipsum
529 2360 686 2412 vero,
717 2340 877 2417 quod
913 2345 1156 2399 mortua
1194 2345 1306 2413 est,
1338 2341 1391 2399 si
1417 2341 1715 2419 reputaris
1740 2348 2035 2419 quantum
2076 2342 2318 2419 angoris
2346 2341 2489 2400 viva

299 2431 632 2510 pertulerit,
660 2432 1052 2509 benignitatis
1090 2433 1433 2509 exemplum
1474 2453 1663 2510 quum
1704 2434 1767 2491 in
1801 2454 1951 2504 eam,
1979 2440 2112 2491 tum
2136 2433 2201 2490 in
2243 2433 2485 2502 amicos,

299 2525 553 2584 forsitan
581 2524 877 2583 videatur.
959 2522 1174 2600 Neque
1213 2524 1375 2582 enim
1404 2544 1511 2601 per
1534 2526 1759 2583 multos
1785 2544 1975 2584 annos
2012 2524 2489 2583 intabescentem

300 2616 737 2694 conspeximus,
767 2620 948 2673 aucto
993 2615 1188 2673 indies
1232 2615 1436 2673 dolore
1481 2620 1553 2673 ut
1591 2635 1667 2674 ne
1708 2635 1949 2675 movere
1977 2616 2223 2692 quidem
2263 2615 2396 2691 ipsa
2422 2634 2490 2673 se

299 2714 497 2785 posset
516 2732 530 2780 3
559 2726 670 2767 nec
695 2708 882 2765 finem
905 2705 1284 2766 miseriarum
1302 2711 1617 2785 optantem
1638 2726 1817 2784 quem
1837 2707 2076 2784 assequi
2102 2728 2227 2766 non
2247 2707 2484 2767 liceret:

297 2820 492 2877 neque
516 2800 737 2858 amisso
766 2799 930 2857 omni
958 2818 1141 2858 sensu
1168 2800 1258 2858 ita
1283 2805 1488 2858 tamen
1516 2799 1916 2876 respirantem
1942 2805 2013 2857 ut
2039 2799 2383 2876 spectaculo
2409 2798 2489 2858 iis

295 2892 457 2949 foret
484 2892 589 2970 qui
615 2892 864 2969 gravius
905 2910 1087 2968 quam
1128 2892 1262 2970 ipsa
1300 2896 1537 2950 tantam
1580 2891 1989 2950 calamitatem
2032 2897 2233 2951 essent
2279 2891 2484 2951 laturi.

302 2983 703 3056 Quamobrem
744 2982 887 3043 licet
929 2996 1195 3061 ereptam
1244 2984 1564 3055 desideres,
1594 2983 1873 3042 molestia
1918 2990 2081 3044 certe
2125 2983 2374 3042 liberam
2414 3004 2489 3043 ac

295 3074 529 3138 felicem
552 3075 786 3145 habete,
810 3076 1080 3152 scitoque
1108 3076 1310 3134 miuus
1339 3096 1447 3134 nos
1475 3076 1607 3154 ejus
1634 3095 1817 3153 quam
1844 3096 1977 3134 eam
2004 3076 2198 3134 nostri
2218 3074 2487 3135 misereri

295 3176 586 3243 oportere.
670 3167 769 3225 Ita
814 3173 1018 3225 autem
1059 3187 1235 3244 spero
1277 3168 1486 3244 itaque
1533 3187 1571 3226 a
1609 3173 1669 3225 te
1711 3172 1869 3244 peto,
1901 3173 1973 3225 ut
2012 3187 2143 3226 eam
2169 3168 2235 3224 in
2279 3166 2486 3226 dolore

295 3259 652 3319 sustinendo
678 3258 1029 3336 patientiam
1057 3260 1359 3332 adhibeaS,
1389 3280 1571 3337 quam
1598 3259 1737 3318 huic
1765 3260 1993 3337 optimo
2020 3259 2151 3318 Deo
2176 3259 2482 3332 debemus,

297 3354 419 3430 qui,
441 3358 512 3411 ut
539 3351 712 3410 nobis
739 3351 1032 3423 consulat,
1057 3353 1246 3410 vitam
1273 3353 1397 3424 dat,
1415 3352 1577 3409 idem
1604 3352 1835 3410 adimit.
1916 3351 2018 3409 Me
2044 3352 2196 3411 scito
2225 3351 2486 3410 voluisse

296 3446 503 3503 statim
529 3444 610 3503 ad
637 3450 700 3501 te
725 3443 963 3513 venire3
1005 3442 1366 3520 impeditum
1409 3450 1629 3512 tamen,
1660 3442 1841 3520 quod,
1870 3462 2119 3521 cuperes
2145 3462 2350 3514 necne,
2378 3442 2480 3501 ad-

295 3537 412 3594 huc
438 3535 750 3594 nescirem.
838 3533 904 3593 Si
943 3536 1033 3591 ita
1072 3534 1351 3604 volueris,
1380 3534 1675 3595 rescribas
1716 3534 1918 3605 velim,
1948 3552 2141 3610 neque
2186 3535 2345 3593 enim
2392 3540 2486 3592 est

294 3628 455 3703 quod
485 3646 580 3685 me
607 3625 916 3703 impediat,
948 3630 1008 3683 et
1036 3624 1191 3684 bona
1221 3626 1569 3685 valetudine
1594 3626 2149 3685 aton—Romanu
2192 3626 2391 3689 Emis.

1092 3792 1241 3853 VII.
1333 3793 1672 3869 (Honosu.)

408 3911 548 3970 Non
578 3913 780 3972 minus
808 3932 906 3971 me
935 3912 1138 3971 dolore
1166 3916 1272 3969 tuo
1302 3910 1627 3971 commovit
1657 3908 2090 3983 benevolentia,
2111 3930 2259 3987 quae,
2286 3931 2475 3987 quum
