2744 4138
1252 207 1408 251 PART
1452 206 1528 251 11.
2407 193 2495 252 43

295 360 610 434 reputans,
646 374 805 414 novo
854 356 1060 414 dolore
1112 355 1509 432 stupefactae,
1552 354 1709 413 hanc
1748 352 1983 431 rupisse
2026 373 2234 413 vocem
2275 353 2490 427 fertur,

299 452 318 481 ‘
339 449 671 523 Quantum,
693 447 746 507 O
776 447 882 506 Dii
911 448 1311 519 Immortales‚
1331 450 1598 525 pretium
1624 467 1735 524 pro
1762 446 1873 506 hac
1900 448 2119 506 corona
2144 447 2289 516 fer0,
2312 466 2496 522 quam

296 541 573 619 gratuito
601 559 639 598 a
665 541 838 598 vobis
867 559 1214 599 concessam
1234 539 1387 597 mihi
1407 537 1647 598 effinxil
1675 539 1689 564 ’
1758 539 1910 598 Inde
1939 557 2015 596 ex
2041 538 2153 598 hac
2180 539 2497 615 repentina

296 631 654 709 impotentis
709 635 771 689 et
822 630 1158 708 petulantis
1209 630 1400 689 animi
1451 630 1906 707 perturbatione
1952 629 2020 687 in
2063 649 2192 688 sese
2233 629 2493 702 redienS,

296 724 606 800 extemplo
633 722 887 794 addidit,
922 727 937 755 ‘
959 722 1099 781 Fiat
1125 728 1331 781 tamen
1361 723 1645 781 voluntas
1674 721 1919 794 vestra,'
1938 721 2238 799 simulque
2263 741 2335 780 ea
2361 742 2497 798 quae
2610 743 2616 752 ·

295 815 380 873 ad
420 816 625 873 hostes
664 813 1053 892 opponendos
1092 815 1433 873 necessaria
1471 818 1688 886 essent,
1732 815 1956 872 acriter
1993 819 2055 872 et
2094 818 2376 892 prompto
2424 820 2495 873 ut

297 906 534 966 solebat
560 907 812 967 consilio
838 905 1118 966 facienda
1143 905 1542 965 curavit.-—J.
1571 905 1648 966 Y.
1681 905 1974 966 SARGENT.

871 1097 1187 1157 XXVIII.
1275 1096 1667 1174 (Parscorr’s
1694 1099 1902 1176 Peru.)

421 1226 678 1285 Interim
715 1246 939 1306 pugna,
983 1227 1113 1286 sive
1161 1246 1233 1285 ea
1260 1219 1465 1286 'caedes
1503 1227 1709 1305 potius
1748 1228 2040 1301 vocanda,
2089 1229 2251 1288 circa
2288 1248 2495 1307 regem

294 1318 521 1377 acriter
546 1320 824 1378 furebat:
867 1321 1017 1379 adeo
1044 1319 1109 1376 in
1136 1319 1299 1378 hunc
1326 1340 1519 1377 unum
1544 1320 1623 1378 ab
1650 1320 1930 1380 omnibus
1971 1321 2350 1380 incursatum
2378 1327 2492 1379 est.

297 1409 459 1470 Tum
501 1411 793 1469 fidissima
844 1411 1132 1470 nobilitas
1186 1411 1462 1470 conferto
1515 1411 1760 1488 agmine
1813 1413 2315 1491 aggredientibus
2362 1433 2494 1471 sese

299 1502 576 1580 objicere,
622 1501 822 1561 hostes
865 1521 941 1560 ex
994 1502 1165 1579 equis
1220 1502 1613 1576 detrahendO,
1661 1508 1770 1562 aut
1824 1524 1937 1564 sua
1988 1506 2205 1565 saltem
2257 1505 2494 1564 infestis

298 1594 685 1654 venientibus
724 1602 972 1672 pectora
998 1595 1375 1673 opponendO,
1404 1615 1650 1673 operam
1679 1595 1822 1655 dare
1847 1603 1922 1655 ut
1947 1597 2236 1658 dilectum
2264 1597 2496 1656 domini

293 1691 499 1764 caput·
513 1693 852 1746 tuerentur.
922 1685 1223 1748 Auctores
1251 1688 1444 1746 habeo
1465 1689 1593 1746 tela·
1608 1708 1708 1748 eos
1730 1689 1842 1747 sub
1858 1690 2236 1749 vestimentis
2258 1690 2497 1748 occulta

298 1780 577 1858 gessisse.
663 1778 812 1854 Quae
839 1799 937 1838 res
965 1779 1109 1838 licet
1148 1779 1238 1838 ita
1278 1780 1487 1851 fuerit,
1518 1799 1736 1857 parum
1775 1784 1981 1839 tamen
2020 1781 2311 1859 profecit3
2352 1799 2495 1839 usos

298 1871 463 1929 enim
518 1891 647 1930 esse
693 1891 889 1948 neque
937 1872 1267 1950 quisquam
1319 1872 1660 1950 profitetur.
1746 1871 1993 1932 Scilicet
2032 1873 2494 1950 ignavissimum

299 1964 586 2041 quodque
633 1965 858 2023 animal
902 1971 1224 2043 postquam
1275 1964 1338 2023 in
1381 1964 1668 2023 ultimum
1722 1965 2050 2024 discrimen
2091 1971 2343 2025 ventum
2382 1972 2495 2038 est,

299 2076 430 2116 sese
474 2057 794 2118 defendere
835 2059 1006 2117 solet.
1092 2057 1232 2134 Qui,
1279 2078 1470 2135 quum
1518 2057 1585 2117 in
1620 2079 1687 2119 re
1724 2056 1911 2117 simili
1957 2058 2143 2119 armis
2190 2079 2257 2119 se
2304 2060 2497 2119 tutari

303 2140 556 2222 nollent,
604 2151 843 2209 eosdem
883 2170 1079 2227 neque
1126 2151 1396 2228 potuisse
1440 2150 1590 2209 satis
1631 2150 1861 2209 edocet.
1945 2151 2046 2211 Illi
2086 2158 2291 2211 tamen
2330 2153 2497 2211 haud

299 2242 481 2301 aliter
518 2262 702 2320 quam
745 2248 1011 2321 coeptum
1053 2248 1202 2315 erat,
1247 2242 1479 2320 equites
1521 2230 1893 2321 p'ropulsare,
1923 2263 2111 2320 equos
2151 2244 2497 2303 moribundi

299 2326 581 2392 manibus
607 2334 894 2411 amplecti
918 2358 931 2393 :
976 2339 1038 2392 et
1067 2333 1304 2410 quoties
1330 2332 1589 2410 quisque
1629 2335 2012 2408 occubuerat,
2042 2335 2202 2393 alter
2240 2335 2497 2395 alterius

299 2425 365 2483 in
407 2425 607 2483 locum
647 2424 801 2483 mira
840 2424 958 2482 fide
1001 2425 1339 2484 succedere.
1422 2425 1560 2502 Ipse
1608 2425 1803 2485 Indus
1847 2426 2108 2504 strepitu
2148 2446 2218 2485 ac
2264 2445 2491 2503 pavore

298 2519 612 2597 perculsus
637 2518 799 2577 circa
826 2537 891 2576 se
918 2518 1186 2594 undique
1212 2519 1515 2595 prosterni
1542 2518 1767 2577 amicos
1794 2518 2071 2591 miratur,
2099 2519 2207 2577 vix
2234 2519 2381 2595 quid
2407 2519 2499 2577 rei

301 2612 383 2671 sit
409 2613 557 2671 satis
600 2612 810 2671 sciens.
899 2610 1062 2671 Sella
1087 2612 1153 2669 in
1180 2612 1302 2688 qua
1339 2616 1553 2670 vectus
1580 2617 1675 2670 est
1700 2613 1868 2672 vario
1908 2613 2102 2671 turbae
2144 2612 2498 2671 fluctuantis

298 2704 570 2782 impulsu
594 2702 716 2763 huc
757 2704 902 2762 illuc
930 2704 1196 2763 vibrari:
1242 2709 1453 2781 stupet
1492 2704 1623 2782 ipse
1662 2704 2081 2763 imminentem
2122 2705 2495 2782 perniciem:

300 2796 564 2855 velutin
601 2797 757 2855 mari
798 2797 1212 2872 deprehensus
1252 2796 1463 2854 navita
1489 2796 1551 2854 vi
1578 2796 1958 2873 tempestatis
1998 2796 2282 2873 quassata
2320 2817 2494 2869 nave,

300 2893 510 2965 stupet
550 2889 774 2947 intueri
817 2888 1090 2966 fulgores
1141 2889 1371 2967 igneos,
1421 2889 1633 2947 audire
1676 2892 1988 2947 tonantem
2030 2888 2072 2947 J
2074 2910 2265 2963 ovem,
2317 2890 2498 2949 simul

300 3001 488 3058 opum
529 2982 645 3041 sibi
691 2982 847 3039 nihil
891 2980 1170 3039 alicunde
1217 2986 1553 3059 suppetere,
1598 2981 1821 3059 quibus
1866 2981 2177 3041 fortunam
2223 2990 2498 3042 avertere

300 3073 508 3150 possit.
619 3072 883 3151 Hispani
935 3074 1180 3132 demum
1233 3073 1366 3151 ipsa
1422 3074 1591 3132 clade
1646 3073 1881 3146 defessi,
1926 3074 2313 3135 inumbrante
2358 3077 2491 3154 jam

298 3164 574 3243 vespera,
621 3184 804 3241 quam
859 3169 1201 3223 metuerent
1253 3185 1332 3223 ne
1386 3170 1744 3224 conservato
1796 3185 1943 3241 rege
1994 3172 2059 3225 et
2110 3168 2377 3245 proedam
2433 3173 2497 3225 et

301 3275 548 3333 operam
589 3255 891 3333 perdituri
929 3262 1150 3329 essent,
1179 3256 1359 3334 pauci
1387 3277 1463 3315 ex
1490 3258 1795 3335 equitibus
1836 3258 1983 3317 totis
2021 3259 2255 3317 viribus
2293 3259 2496 3317 incur-

303 3348 474 3407 sione
515 3348 679 3407 sacta
719 3349 1120 3407 connituntur
1158 3354 1230 3408 ut
1253 3348 1667 3429 Atahualpam
1707 3349 2097 3424 interficiant,
2126 3371 2377 3427 remque
2419 3352 2500 3409 ad

299 3440 485 3500 finem
511 3440 1007 3518 perducant—J.
1036 3440 1111 3499 Y.
1144 3440 1434 3500 SARGENT.

888 3620 1129 3679 XXIX.
1219 3620 1534 3698 (Horum,
1564 3622 1689 3681 Foz.
1722 3621 1915 3699 Geni.)

421 3751 587 3809 Dum
611 3751 741 3809 hoec
761 3756 1082 3829 geruntur,
1103 3750 1329 3822 Turcoe,
1359 3751 1467 3829 qui
1495 3750 1850 3810 editioribus
1880 3751 2245 3828 quibusdam
2270 3753 2439 3832 jugis
2467 3775 2502 3814 e

304 3848 628 3924 conspectu
671 3844 821 3903 tecti
859 3864 964 3905 eos
987 3864 1028 3904 a
1052 3844 1240 3903 latere
1281 3844 1474 3904 secuti
1514 3850 1707 3919 erant,
1736 3863 1846 3922 per
1885 3845 2296 3923 exploratores
2336 3868 2499 3910 com-
