2744 4138
248 147 333 208 22
369 155 373 159 ’
862 162 990 209 nr
1034 165 1109 210 το
1156 165 1279 221 run
1322 163 1510 214 mm<
1555 165 1840 211 MANUAL.

243 311 419 385 cujus
458 312 725 370 adventu
766 311 941 372 facile
984 317 1126 372 sunt
1166 314 1393 391 repulsi
1435 314 1807 394 Pompeiani.
1889 315 2103 391 Neque
2127 319 2276 374 'vero
2300 332 2474 372 con--

245 408 520 480 spectum
560 408 669 461 aut
707 403 1005 481 impetum
1046 409 1393 464 nostrorum
1433 407 1746 464 tulerunt:
1801 407 2133 484 primisque
2173 405 2452 484 dejectis,

243 494 464 571 reliqui
492 515 557 554 se
581 499 919 569 verterunt,
950 499 1015 553 et
1042 496 1172 555 loco
1200 504 1529 557 cesserunt.
1613 497 1738 556 Sed
1769 499 2157 575 insequentes
2183 501 2454 569 nostroe,

244 605 323 644 ne
362 585 601 663 longius
638 592 1165 664 prosequerentur,
1198 587 1371 648 Sulla
1397 589 1722 650 revocavit.
1803 594 1898 648 Ac
1939 589 2211 668 plerique
2237 587 2454 646 existi-

246 683 436 750 mant,
480 677 533 736 si
570 679 773 738 acrius
812 678 1045 756 insequi
1083 679 1397 752 voluisset,
1438 680 1662 740 bellum
1703 701 1774 740 eo
1815 680 1914 740 die
1955 681 2224 759 potuisse
2264 678 2454 738 finiri.

249 771 443 848 Cujus
479 771 795 829 consilium
835 771 1396 849 reprehendendum
1435 793 1559 831 non
1597 773 1880 845 videtur3
1920 774 2058 832 alise
2093 773 2257 831 enim
2301 776 2458 830 sunt

247 862 437 940 legati
454 867 675 939 partes,
694 863 827 921 aliae
840 863 1223 940 imperatoris
1246 889 1260 923 ε
1291 865 1450 924 alter
1477 865 1867 943 omniaagere
1888 865 1966 922 ad
1989 865 2405 942 praescriptum
2431 889 2452 923 ε

246 955 402 1013 alter
428 955 613 1013 libere
640 955 718 1013 ad
746 975 1047 1014 summam
1073 975 1277 1014 rerum
1296 958 1614 1016 consulere
1641 957 1842 1016 debet.
1927 955 2114 1027 Sulla,
2145 974 2182 1014 a
2211 956 2456 1015 Caesare

250 1047 466 1105 castris
503 1047 772 1122 relictuS,
816 1047 1084 1107 liberatis
1124 1049 1268 1121 suiS,
1309 1049 1425 1108 hoc
1464 1048 1584 1108 fuit
1625 1054 1964 1121 contentae,
2005 1069 2202 1126 neque
2240 1047 2456 1127 proelio

252 1139 557 1198 decertare
596 1140 694 1199 vol
702 1141 809 1212 uit,
844 1160 920 1199 ne
946 1139 1363 1218 imperatorias
1392 1141 1508 1200 sibi
1535 1145 1737 1219 partes
1765 1141 2090 1218 sumpsisse
2117 1141 2453 1198 videretur.

252 1230 637 1309 Pompeianis
680 1250 965 1309 magnam
1017 1252 1115 1290 res
1169 1233 1247 1291 ad
1302 1239 1612 1310 receptum
1665 1232 2085 1290 difficultatem
2139 1231 2454 1289 afferebat.

252 1323 433 1395 Nam,
477 1343 551 1381 ex
591 1323 799 1400 iniquo
838 1324 1145 1402 progressi
1184 1325 1335 1396 1000,
1377 1324 1442 1381 in
1482 1343 1718 1382 summo
1758 1325 2164 1383 constiterant
2182 1349 2198 1382 ε
2241 1323 2295 1381 si
2339 1342 2457 1400 per

252 1415 482 1474 declive
510 1433 574 1473 se
600 1416 957 1492 reciperent,
998 1420 1241 1474 nostros
1267 1435 1341 1473 ex
1381 1416 1689 1492 superiore
1714 1416 2097 1493 insequentes
2123 1416 2256 1474 loco
2288 1435 2454 1475 vere·

249 1507 511 1580 bantur;
552 1526 747 1584 neque
774 1508 1037 1565 multum
1064 1508 1142 1566 ad
1168 1508 1310 1566 solis
1336 1528 1615 1568 occasum
1641 1509 1930 1586 temporis
1955 1513 2303 1586 superer-att
2344 1526 2458 1585 spe

249 1600 412 1658 enim
438 1599 795 1684 conficiendi
834 1599 1063 1676 negotii
1089 1619 1277 1678 prope
1311 1601 1380 1659 in
1419 1605 1658 1680 noctem
1683 1621 1814 1659 rem
1853 1600 2248 1660 deduxerant.
2328 1599 2451 1670 Ita,

252 1693 610 1766 necessariO,
639 1697 822 1770 atque
849 1713 925 1750 ex
962 1697 1234 1770 tempor-e
1272 1697 1452 1771 capto
1480 1692 1750 1763 consilio,
1789 1693 2118 1770 Pompeius
2142 1691 2456 1750 tumulum

252 1785 576 1862 quemdam
595 1784 933 1864 occupavit,
964 1785 1069 1862 qui
1097 1790 1337 1844 tantum
1356 1785 1568 1844 aberat
1588 1805 1625 1842 a
1640 1790 1852 1844 nostro
1871 1784 2136 1855 castello,
2165 1789 2238 1841 ut
2257 1784 2452 1842 telum

250 1884 703 1939 tormentumve
753 1880 1008 1938 missum
1060 1879 1229 1958 adigi
1280 1900 1404 1940 non
1444 1878 1976 1958 posset—CAESAR,
2019 1881 2090 1938 de
2129 1879 2278 1936 Bell.
2323 1876 2452 1937 civ.

252 1989 341 2030 111.
374 1973 471 2036 51..

1198 2188 1501 2250 XXXIV.

374 2335 615 2396 Nostroe
635 2353 823 2395 naves
842 2335 991 2408 duoe,
1020 2335 1258 2395 tardius
1273 2346 1458 2394 cursu
1477 2334 1768 2408 confecto,
1787 2336 1854 2394 in
1879 2338 2120 2395 noctem
2149 2336 2454 2413 conjectae,

256 2449 396 2489 cum
428 2430 801 2507 ignorarent,
840 2448 1020 2505 quem
1058 2428 1260 2487 locum
1299 2428 1544 2505 reliquoe
1583 2428 1900 2506 cepissent,
1942 2432 2156 2487 contra
2192 2427 2456 2505 Lyssum

254 2522 321 2580 in
362 2522 643 2582 anchoris
683 2520 1107 2580 constiterunt.
1188 2521 1337 2595 Has,
1396 2520 1634 2598 scaphis
1685 2519 2142 2597 minoribusque
2193 2520 2457 2599 navigiis

258 2613 669 2693 compluribus
704 2612 921 2685 missis,
954 2611 1223 2685 Crassus,
1265 2612 1370 2689 qui
1391 2611 1568 2691 Lyssi
1594 2616 1868 2691 praeerat,
1909 2632 2260 2689 expugnare
2281 2630 2461 2689 para-

258 2708 399 2767 bat:
444 2707 628 2765 simul
665 2704 741 2764 de
774 2704 1079 2765 deditione
1104 2725 1313 2765 eorum
1339 2706 1573 2784 agebat,
1617 2709 1681 2765 et
1713 2705 2196 2764 incolumitatem
2233 2704 2457 2764 deditis

256 2799 669 2877 pollicebatur.
754 2798 994 2856 Harum
1046 2798 1240 2857 altera
1290 2797 1466 2857 navis
1504 2796 1798 2856 ducentos
1836 2796 2062 2875 viginti
2101 2817 2178 2857 ex
2217 2796 2458 2875 legione

256 2892 527 2950 tironum
568 2890 930 2949 sustulerat:
972 2890 1166 2949 altera
1211 2910 1287 2949 ex
1331 2887 1622 2949 veterana
1660 2889 1862 2967 paullo
1900 2888 2103 2949 minus
2143 2889 2454 2949 ducentos.

258 2983 381 3042 Hic
408 2982 690 3059 cognosci
723 2980 915 3053 licuit,
955 2986 1249 3058 quantum
1281 2986 1442 3041 esset
1478 2980 1828 3040 hominibus
1860 2981 2128 3059 praesidii
2164 2983 2231 3040 in
2265 2982 2458 3041 animi

253 3075 631 3135 fortitudine.
714 3073 965 3133 Tirones
1019 3074 1197 3146 enim,
1252 3073 1648 3133 multitudine
1701 3074 1954 3134 navium
2005 3076 2335 3153 perterriti,
2391 3080 2458 3133 et

257 3168 383 3226 salo
424 3165 764 3242 nauset‘ique
796 3166 1073 3239 confecti,
1112 3166 1509 3244 jurejurando
1547 3170 1795 3243 accepto
1831 3167 1991 3225 nihil
2028 3167 2105 3226 iis
2141 3167 2454 3227 nocituros

253 3259 476 3330 hostes,
504 3278 570 3317 se
598 3258 817 3317 Crasso
843 3257 1237 3317 dediderunt:
1270 3257 1377 3335 qui
1403 3276 1630 3327 omnes,
1660 3258 1739 3316 ad
1755 3279 1895 3317 eum
1915 3259 2212 3337 perducti,
2241 3265 2456 3320 contra

252 3350 606 3428 religionem
625 3350 1027 3429 jurisjurandi
1053 3350 1120 3408 in
1140 3350 1273 3427 ejus
1299 3355 1630 3427 conspectu
1649 3351 2060 3411 crudelissime
2078 3352 2451 3411 interficiun-

251 3447 373 3501 tur.
454 3442 545 3500 At
571 3449 873 3501 veteranae
901 3442 1159 3520 legionis
1183 3442 1430 3515 milites,
1457 3442 1606 3501 item
1627 3444 1957 3502 conflictati
1984 3450 2046 3503 et
2071 3445 2454 3522 tempestatis

248 3540 312 3593 et
340 3534 594 3594 sentinae
622 3534 808 3607 vitiis,
850 3534 1005 3591 nihil
1045 3552 1120 3592 ex
1158 3533 1419 3611 pristina
1457 3536 1686 3593 virtute
1726 3536 2161 3594 remittendum
2201 3541 2448 3613 putave-

248 3632 429 3699 runt3
485 3626 611 3698 sed,
668 3624 1002 3684 tractandis
1055 3625 1516 3699 conditionibus,
1572 3633 1636 3685 et
1689 3625 2072 3687 simulatione
2125 3628 2451 3687 deditionis

248 3725 521 3781 extracto
548 3720 760 3799 primo
782 3719 983 3777 noctis
1021 3724 1310 3797 tempore,
1353 3721 1823 3798 gubernatorem
1860 3720 1928 3779 in
1966 3726 2194 3781 terram
2230 3742 2449 3782 navem

250 3812 468 3889 ejicere
520 3814 783 3890 cogunt3
859 3810 995 3889 ipsi,
1049 3810 1337 3879 idoneum
1388 3812 1592 3873 locum
1663 3812 1848 3886 nacti,
1901 3813 2198 3891 reliquam
2249 3814 2452 3874 noctis
