2744 4138
32 1 78 38 Ἰ

1221 193 1377 238 ΡΑΒΤ
1422 195 1483 237 V.
2314 207 2320 214 ·
2368 177 2453 239 67

257 342 519 416 tudiues,
549 342 1106 422 immensitatesque
1128 363 1512 420 camporum3
1558 342 1712 400 adde
1740 342 1920 400 etiam
1943 341 2289 402 reconditas
2313 343 2451 402 auri

257 436 614 513 argentique
639 456 840 506 venas,
869 436 1289 512 infinitamque
1311 435 1438 492 vim
1464 434 1803 493 marmoris
1847 432 1996 506 Quae
2016 453 2159 493 vero
2181 437 2243 494 et
2265 453 2453 512 quam

256 530 426 586 varia
467 547 689 604 genera
728 527 1056 587 bestiarum
1083 529 1183 586 vel
1223 527 1497 586 cicurum
1522 527 1621 584 vel
1659 526 1961 590 ferarum!
2007 525 2108 602 qui
2138 526 2453 585 volucrum

194 662 196 665 -
255 619 460 697 lapsus
488 625 672 696 atque
697 624 916 678 cantus
941 619 953 678 Ξ
999 619 1103 696 qui
1123 618 1427 696 pecudum
1444 617 1690 695 pastus!
1738 637 1871 694 quae
1892 617 2023 675 vita
2042 618 2409 682 silvestrium
2436 621 2448 676 ἔ

237 711 421 784 ¹Quid
453 712 584 788 jam
612 711 687 769 de
729 711 1039 768 hominum
1066 729 1284 788 genere
1324 710 1522 768 dicam
1545 708 1573 766 Ρ
1616 709 1721 786 qui
1748 709 1923 787 quasi
1963 709 2225 768 cultores
2269 714 2447 767 terroe

253 804 576 862 constituti
617 825 737 863 non
777 805 1095 882 patiuntur
1120 823 1254 862 eam
1293 823 1408 861 nec
1446 803 1825 860 immanitate
1864 802 2173 860 beluarum
2216 802 2452 861 efferari

255 917 368 955 nec
396 897 677 974 stirpium
703 897 1024 973 asperitate
1050 895 1295 968 vastari,
1327 914 1702 970 quorumque
1741 895 2023 973 operibus
2050 895 2200 972 agri,
2231 895 2445 953 insulae

254 990 550 1066 litoraque
577 989 893 1062 collucent,
923 988 1212 1046 distincta
1237 988 1417 1046 tectis
1444 992 1504 1045 et
1530 989 1800 1046 urbibus.
1850 987 2000 1061 Quae
2028 987 2096 1059 si,
2119 993 2191 1045 ut
2210 987 2445 1059 animis,

253 1083 341 1138 sic
385 1082 573 1139 oculis
618 1081 822 1139 videre
873 1099 1200 1156 possemus,
1248 1099 1423 1138 nemo
1478 1084 1762 1137 cunctam
1804 1081 2048 1137 intuens
2097 1086 2321 1137 terram
2369 1079 2443 1136 de

253 1174 466 1232 divina
490 1172 726 1231 ratione
754 1173 1076 1231 dubitaret.

376 1264 464 1322 At
488 1285 632 1322 vero
660 1269 886 1339 quanta
911 1264 1094 1322 maris
1121 1268 1209 1322 est
1238 1262 1664 1340 pulchritudo!
1708 1282 1842 1340 quae
1883 1262 2111 1340 species
2137 1261 2406 1322 universi
2433 1261 2445 1320 !

256 1376 392 1432 quae
419 1356 746 1414 multitudo
775 1361 837 1413 et
862 1355 1123 1413 varietas
1148 1355 1517 1412 insularum!
1564 1374 1695 1431 quae
1715 1354 2099 1412 amoenitates
2121 1373 2367 1412 orarum
2388 1365 2453 1410 et

258 1446 543 1506 litorum!
604 1455 750 1522 quot
796 1466 1019 1524 genera
1061 1467 1364 1524 quamque
1407 1447 1672 1524 disparia
1715 1445 1940 1524 partim
1982 1447 2449 1514 submersarum,

257 1541 484 1618 partim
511 1541 879 1599 fluitantium
901 1546 964 1598 et
989 1541 1332 1598 innantium
1359 1541 1690 1612 beluarum,
1712 1540 1932 1617 partim
1960 1541 2040 1598 ad
2060 1559 2207 1598 saxa
2226 1540 2450 1598 nativis

255 1633 434 1694 testis
460 1635 885 1693 inhaerentium
907 1633 1132 1693 1—010.
1163 1634 1233 1693 de
1260 1635 1338 1693 N.
1369 1635 1445 1694 D.
1473 1633 1536 1692 ii.
1568 1634 1664 1707 38,
1695 1633 1790 1692 39.

1312 1847 1395 1906 ΙΙ.

380 1990 447 2047 L.
481 1989 739 2048 Thorius
765 1988 996 2048 Balbus
1023 1988 1161 2061 fnit,
1192 1989 1580 2060 Lanuvinus3
1626 2009 1806 2068 quem
1846 1988 2192 2048 meminisse
2230 1992 2301 2046 tu
2324 2007 2451 2046 non

260 2090 454 2161 potes,
540 2083 603 2141 Is
646 2083 736 2142 ita
780 2083 1040 2153 vivebat,
1090 2091 1164 2140 ut
1206 2083 1372 2139 nulla
1426 2088 1555 2139 tam
1598 2082 1897 2159 exquisita
1941 2086 2144 2160 posset
2188 2081 2453 2140 inveniri

259 2176 558 2251 voluptas,
603 2173 719 2249 qua
757 2193 880 2231 non
920 2174 1271 2231 abundaret.
1357 2173 1509 2231 Erat
1546 2178 1610 2231 et
1649 2174 1903 2250 cupidus
1944 2174 2345 2250 voluptatum,
2388 2178 2451 2231 et

259 2268 356 2344 cuj
366 2286 435 2323 us
461 2267 555 2324 vis
583 2266 820 2343 generis
861 2266 1224 2342 intelligens,
1253 2272 1317 2322 et
1343 2266 1656 2342 copiosus3
1697 2266 1786 2322 ita
1812 2284 1933 2323 non
1974 2265 2450 2342 superstitiosus,

267 2364 340 2419 ut
367 2357 474 2416 illa
515 2358 780 2435 plurima
820 2357 882 2413 in
912 2356 1020 2415 sua
1047 2357 1244 2434 patria
1283 2357 1576 2415 sacrificia
1604 2367 1665 2414 et
1691 2356 1837 2415 fana
1876 2358 2325 2427 contemneret;
2366 2356 2455 2413 ita
2502 2362 2505 2368 '

259 2470 384 2507 non
424 2448 675 2507 timidus
717 2450 794 2507 ad
835 2455 1107 2521 mortem,
1141 2453 1209 2505 ut
1249 2450 1316 2506 in
1356 2448 1485 2505 acie
1526 2449 1608 2505 sit
1634 2448 1711 2507 ob
1750 2468 1880 2506 rem
1920 2448 2224 2525 publicam
2265 2447 2452 2505 inter-

260 2543 476 2600 fectus.
562 2540 941 2617 cupiditates
967 2561 1089 2598 non
1119 2540 1368 2619 Epicuri
1397 2540 1687 2598 divisione
1715 2540 1979 2612 finiebat,
2004 2540 2111 2597 sed
2138 2540 2248 2598 sua
2274 2539 2452 2597 satie-

260 2638 408 2691 tate.
493 2632 775 2693 Habebat
813 2640 1019 2691 tamen
1060 2634 1356 2690 rationem
1400 2631 1801 2690 valetudinis:
1858 2632 2148 2689 utebatur
2171 2630 2248 2691 iis
2287 2649 2453 2689 exer-

261 2725 669 2797 citationibuS,
698 2731 770 2783 ut
794 2726 875 2783 ad
914 2744 1145 2783 coenam
1173 2730 1235 2782 et
1261 2724 1532 2782 esuriens
1560 2728 1623 2781 et
1663 2722 1876 2780 sitiens
1902 2722 2157 2795 veniret,
2186 2742 2257 2781 eo
2298 2720 2450 2792 cibo,

260 2818 369 2895 qui
408 2822 473 2876 et
513 2817 904 2875 suavissimus
943 2823 1119 2889 esset,
1159 2821 1221 2874 et
1254 2816 1417 2874 idem
1452 2814 1772 2874 facillimus
1812 2815 1889 2874 ad
1930 2804 2455 2890 concoquendum3

262 2911 424 2979 vino,
468 2914 530 2966 et
570 2908 648 2965 ad
691 2909 1089 2983 voluptatem,
1131 2914 1194 2965 et
1238 2927 1315 2965 ne
1358 2912 1618 2965 noceret.
1705 2905 1924 2965 Cetera
1965 2905 2071 2964 illa
2112 2904 2455 2975 adhibebat,

261 3001 488 3077 quibus
530 3000 792 3076 demptis
834 3006 1019 3074 negat
1059 3018 1123 3056 se
1164 2997 1465 3076 Epicurus
1504 2998 1863 3075 intelligere,
1894 2997 2044 3075 quid
2082 2997 2165 3055 sit
2200 2990 2450 3056 bonum.

263 3093 496 3152 Aberat
533 3093 734 3150 omnis
761 3091 972 3163 dolor;
1015 3090 1121 3165 qui
1145 3090 1197 3147 si
1237 3090 1493 3160 adesset,
1522 3108 1645 3147 non
1685 3089 1949 3147 molliter
1988 3089 2191 3146 ferret.
2276 3088 2458 3147 Color

267 3186 568 3263 egregius,
596 3185 836 3262 integra
863 3184 1166 3254 valetud0‚
1197 3200 1434 3240 summa
1466 3182 1663 3259 gratia
1686 3207 1700 3240 ι
1742 3183 1874 3241 vita
1900 3182 2159 3260 denique
2186 3180 2459 3239 conferta

263 3280 653 3354 voluptatum
679 3276 948 3335 omnium
980 3276 1289 3334 varietate.
1372 3275 1557 3333 Hunc
1585 3294 1727 3332 vero
1754 3275 2001 3333 beatum
2027 3274 2182 3332 ratio
2211 3273 2454 3350 quidem

262 3374 466 3428 vestra
505 3368 689 3445 cogit.
770 3368 923 3444 Ego,
973 3365 1118 3425 huic
1163 3386 1342 3442 quem
1389 3371 1771 3443 anteponam,
1820 3386 1944 3424 non
1985 3365 2177 3423 audeo
2218 3364 2451 3421 dicere:

265 3462 428 3519 dicet
467 3479 579 3537 pro
619 3478 715 3518 me
754 3460 890 3536 ipsa
928 3459 1165 3530 virtus;
1225 3478 1336 3517 nec
1384 3457 1690 3516 dubitabit
1734 3458 1840 3515 isti
1891 3463 2096 3516 vestro
2147 3455 2327 3513 beato
2368 3453 2454 3512 M.

267 3551 573 3629 Regulum
613 3556 996 3628 anteponere.
1079 3549 1276 3623 Quem
1316 3549 1577 3625 quidem,
1608 3569 1764 3620 cum,
1796 3547 1906 3609 sua
1931 3550 2263 3619 voluntate,
2290 3545 2461 3605 nulla

266 3644 331 3703 vi
371 3647 634 3715 coactus,
663 3648 913 3721 propter
952 3641 1134 3698 fidem
1161 3660 1341 3715 quam
1369 3640 1622 3699 dederat
1660 3641 1841 3713 hosti,
1870 3660 1944 3698 ex
1982 3637 2181 3717 patria
2207 3637 2457 3696 Cartha-

266 3736 471 3814 ginem
509 3734 874 3806 revertisset,
903 3737 1037 3791 tum
1077 3734 1294 3809 ipsum,
1322 3751 1463 3791 cum
1493 3732 1719 3809 vigiliis
1756 3751 1827 3791 ac
1866 3732 2029 3789 fame
2067 3729 2441 3789 cruciaretur

269 3829 497 3887 clamat
524 3826 724 3886 virtus
762 3826 1091 3885 beatiorem
1115 3823 1304 3884 fuisse
1331 3842 1516 3899 quam
1542 3827 1854 3903 potantem
1880 3824 1947 3881 in
1986 3820 2123 3883 rosa
2150 3820 2459 3882 Thorium.

1318 3930 1352 3967 1·
1382 3919 1411 3965 2
