2744 4138
1239 175 1398 220 PAn‘r
1447 176 1493 220 1.
2382 159 2455 219 11

271 321 478 401 spicia,
526 327 860 401 potestates
908 325 1397 404 magistratuum,
1448 323 1697 384 senatus
1746 324 2091 398 auctoritas,
2121 326 2304 401 leges,
2334 345 2467 384 mos

269 417 584 494 majorum,
613 417 858 496 judicia,
879 417 1243 496 jurisdictio,
1273 419 1441 491 fides,
1473 417 1813 495 provinciae‚
1843 419 2009 488 socii,
2037 417 2280 495 imperii
2306 420 2458 488 laus,

269 527 368 568 res
405 508 702 581 militaris,
742 511 1036 568 serarium.
1119 509 1356 567 Harum
1393 530 1599 568 rerum
1638 515 1731 568 tot
1763 514 1945 585 atque
1981 514 2292 568 tantarum
2336 529 2468 568 esse

271 601 644 660 defensorem
661 605 725 660 et
740 607 1083 680 patronum,
1113 601 1321 680 magni
1349 602 1579 679 ingenii
1599 606 1692 660 est
1708 621 2062 679 magnaeque
2089 602 2465 661 constantim.

273 693 520 752 Etenim
547 694 611 753 in
633 699 810 766 tanto
836 695 1064 754 civium
1088 714 1356 766 numero,
1387 713 1610 772 magna
1628 694 1960 752 multitudo
1980 699 2073 752 est
2100 713 2308 752 eorum
2337 694 2462 770 qui,

271 789 383 843 aut
433 792 680 863 propter
732 792 959 846 metum
999 807 1208 865 poenae,
1251 791 1635 864 peccatorum
1676 805 1922 845 suorum
1976 785 2217 857 conscii,
2272 805 2465 845 novos

272 882 476 936 motus
532 879 1066 956 conversionesque
1117 878 1461 955 reipublicae
1507 883 1816 955 quaerant3
1871 883 1981 936 aut
2036 878 2160 954 qui,
2217 883 2469 955 propter

269 967 524 1027 insitum
556 970 878 1047 quemdam
915 970 1101 1029 animi
1137 970 1423 1040 furorem,
1464 969 1782 1027 discordiis
1820 969 2048 1027 civium
2075 988 2146 1027 ac
2174 967 2467 1027 seditione

268 1067 636 1138 pascantur3
693 1068 801 1122 aut
840 1064 962 1141 qui,
1006 1069 1253 1142 propter
1290 1062 1761 1140 implicationem
1801 1061 1889 1119 rei
1929 1060 2262 1134 familiaris,
2306 1080 2466 1120 com-

215 1168 222 1175 ·
268 1154 441 1212 muni
476 1155 756 1214 incendio
788 1157 1005 1216 malint
1045 1175 1228 1234 quam
1268 1175 1378 1214 suo
1417 1155 1769 1232 deflagrare.
1852 1152 1970 1227 Qui
2011 1173 2151 1212 cum
2190 1157 2468 1212 auctores

269 1252 416 1304 sunt
452 1252 517 1305 et
554 1248 739 1307 duces
766 1268 1012 1308 suorum
1040 1250 1381 1307 studiorum
1407 1247 1815 1323 vitiorumque
1842 1247 2022 1317 nacti,
2069 1247 2134 1303 in
2159 1243 2470 1324 republica

269 1338 491 1397 fluctus
533 1341 905 1402 excitantur:
961 1348 1034 1400 ut
1073 1342 1453 1420 vigilandum
1493 1339 1575 1398 sit
1625 1339 1702 1396 iis
1759 1339 1863 1416 qui
1902 1339 2020 1397 sibi
2058 1337 2471 1417 gubernacula

270 1429 484 1506 patriae
512 1433 1002 1510 depoposcerunt,
1031 1433 1502 1510 enitendumque
1538 1421 1708 1490 'omni
1736 1431 1986 1490 scientia
2026 1449 2095 1488 ac
2136 1428 2467 1509 diligentia,

272 1529 362 1593 ut,
404 1528 774 1586 conservatis
808 1528 922 1599 his,
960 1548 1090 1604 quoe
1118 1547 1230 1605 ego
1263 1527 1443 1604 paulo
1474 1531 1615 1584 ante
1650 1525 2049 1584 fundamenta
2083 1544 2155 1584 ac
2191 1524 2467 1584 membra

273 1634 403 1673 esse
431 1615 574 1688 dixi,
605 1621 811 1676 tenere
846 1638 1093 1677 cursum
1129 1619 1385 1696 possint,
1426 1637 1497 1675 ac
1532 1636 1743 1693 capere
1772 1616 1879 1674 otii
1907 1619 2151 1693 portum
2179 1621 2243 1674 et
2270 1614 2467 1694 digni-

272 1707 436 1766 tatis.
518 1709 698 1770 Hano
739 1730 848 1790 ego
884 1712 1046 1770 viam
1079 1710 1131 1769 si
1163 1714 1272 1768 aut
1306 1730 1599 1788 asperam,
1640 1714 1748 1766 aut
1774 1708 2044 1780 arduam,
2087 1713 2195 1767 aut
2229 1708 2471 1786 plenam

273 1819 401 1857 esse
428 1800 829 1876 periculorum
855 1808 962 1861 aut
987 1802 1359 1875 insidiarum,
1389 1822 1623 1878 negem,
1648 1801 1934 1872 mentiar3
1962 1800 2297 1877 praesertim
2330 1819 2469 1858 cum

271 1891 335 1949 id
376 1913 500 1951 non
539 1894 718 1953 modo
743 1893 1142 1954 intellexerim
1169 1914 1422 1973 semper,
1453 1893 1558 1952 sed
1599 1893 1782 1952 etiam
1809 1903 2028 1970 praeter
2066 1896 2296 1950 ceteros
2338 1909 2469 1950 sen·

273 1984 471 2044 serim.
555 1983 888 2064 Majoribus
916 1988 1107 2064 copiis
1124 1991 1516 2065 oppugnatur
1540 1985 1878 2062 respublica
1899 2004 2078 2060 quam
2100 1983 2462 2056 defenditur,

273 2083 592 2154 propterea
623 2078 784 2156 quod
815 2081 1072 2139 audaces
1110 2079 1386 2139 homines
1424 2084 1486 2137 et
1512 2078 1735 2156 perditi
1762 2083 1915 2136 nutu
1953 2077 2367 2155 impeHuntur‚
2408 2082 2472 2136 et

273 2169 391 2247 ipsi
408 2171 592 2228 etiam
613 2178 825 2248 sponte
847 2171 954 2231 sua
970 2178 1183 2232 contra
1201 2171 1637 2249 rempublicam
1653 2170 1989 2229 incitantur
2007 2194 2021 2229 :
2045 2169 2474 2229 boni—nescio

275 2264 950 2339 quomodo—tardiores
1003 2270 1188 2336 sunt3
1256 2270 1337 2337 et,
1395 2264 1710 2341 principiis
1763 2282 1967 2321 rerum
2020 2263 2334 2340 neglectis,
2392 2263 2474 2320 ad

275 2365 616 2414 extremum
656 2355 790 2434 ipsa
828 2358 1083 2434 denique
1122 2358 1479 2417 necessitate
1519 2356 1903 2427 excitantur3
1958 2354 2046 2414 ita
2086 2360 2159 2412 nt
2196 2374 2471 2413 nonnun-

275 2466 473 2523 quam,
525 2449 911 2509 cunctatione
956 2469 1028 2508 ac
1073 2450 1377 2521 tarditate,
1426 2450 1574 2507 dnm
1615 2448 1809 2508 otium
1858 2447 2073 2506 volunt
2117 2446 2301 2505 etiam
2344 2445 2475 2505 sine

275 2539 573 2616 dignitate
590 2543 867 2614 retinere,
898 2543 1012 2619 ipsi
1032 2549 1356 2620 utrumque
1376 2542 1681 2600 amittant.
1766 2540 2252 2617 Propugnatores
2273 2543 2475 2596 autem

273 2632 616 2708 reipublicae
668 2634 773 2710 qni
821 2654 951 2693 esse
989 2635 1329 2704 voluerunt,
1390 2633 1442 2690 si
1483 2632 1739 2691 leviores
1779 2637 1939 2700 sunt,
1985 2629 2367 2688 desciscunt:
2424 2632 2477 2688 si

278 2722 632 2795 timidioreS,
675 2726 925 2784 desunt:
970 2730 1327 2803 permanent
1365 2724 1459 2782 illi
1499 2723 1627 2795 soli,
1668 2727 1851 2797 atque
1890 2721 2093 2779 omnia
2128 2721 2477 2799 reipublicae

275 2811 458 2872 causa¹
483 2812 806 2891 perferunt,
836 2816 941 2893 qui
968 2823 1113 2876 sunt
1140 2817 1292 2875 tales
1318 2816 1517 2893 qualis
1544 2820 1720 2894 pater
1746 2817 1909 2886 tune,
1938 2813 2022 2871 M.
2058 2812 2305 2888 Scaure,
2335 2815 2477 2887 fnit,

277 2906 381 2982 qui
406 2925 444 2964 a
474 2905 749 2966 Graccho
787 2928 978 2985 usque
1015 2911 1093 2969 ad
1138 2908 1208 2983 Q.
1251 2908 1512 2967 Varium
1553 2906 1853 2965 seditiosis
1894 2905 2173 2965 omnibus
2212 2907 2473 2967 restitit:

278 3018 459 3073 quem
485 2999 653 3057 nulla
677 3020 947 3077 unquam
973 3002 1088 3074 vis,
1117 3001 1299 3059 nullae
1325 3000 1523 3072 minae,
1562 3000 1731 3057 nulla
1758 2998 1989 3057 invidia
2015 2999 2325 3058 labefecit:
2368 3005 2478 3059 aut

278 3089 470 3165 qualis
509 3109 702 3167 nuper
745 3088 816 3163 Q.
857 3090 1131 3165 Catulus,
1175 3112 1354 3169 quem
1382 3110 1579 3168 neque
1605 3090 1858 3167 periculi
1897 3094 2243 3166 tempestas,
2280 3110 2478 3168 neque

277 3179 525 3241 honoris
565 3202 732 3254 aura,
774 3183 976 3261 potuit
1025 3204 1295 3261 unquam
1342 3185 1420 3243 de
1460 3202 1569 3242 suo
1610 3202 1811 3254 cursu,
1852 3187 1961 3240 aut
2000 3201 2105 3259 spe
2144 3188 2252 3241 aut
2292 3189 2475 3257 metu,

277 3274 822 3334 demovere—Clo.
842 3295 956 3355 pro
986 3276 1194 3350 Satio,
1225 3277 1322 3335 46.

1253 3493 1496 3553 XVIII.

401 3635 552 3696 Haeo
591 3640 797 3696 tamen
835 3635 954 3709 via,
997 3636 1124 3695 haec
1167 3638 1325 3696 ratio
1365 3635 1709 3715 reipublicae
1748 3636 2144 3714 capessendae,
2174 3636 2318 3696 olim
2346 3644 2479 3700 erat

280 3729 475 3807 magis
513 3729 1007 3806 pertimescenda,
1063 3748 1221 3799 cum,
1277 3728 1488 3787 multis
1528 3728 1592 3785 in
1632 3728 1830 3801 rebus,
1887 3729 2298 3788 multitudinis
2352 3736 2477 3789 stu-

282 3822 454 3881 dium
490 3827 600 3882 aut
631 3823 842 3903 populi
867 3824 1252 3883 commodum
1276 3823 1355 3883 ab
1382 3822 1645 3883 utilitate
1674 3822 1767 3883 rei
1792 3822 2047 3902 publicoe
2074 3822 2480 3902 discrepabat.
