2744 4138
273 123 358 190 30.
631 98 636 108 ¹
889 137 1016 185 xm
1061 139 1136 184 ro
1182 139 1305 186 run
1350 139 1539 185 mm
1583 137 1865 185 MANUAL.

1007 360 1088 424 v.
1177 362 1436 439 (em’s
1485 331 1737 440 Works.)

347 508 356 514 '
396 499 732 562 Scribimus
758 507 832 560 ut
858 502 1188 563 rescribas:
1231 523 1375 561 nam
1401 505 1590 583 prope
1618 503 1838 562 desunt
1865 502 1940 562 de
1963 501 2183 582 quibus
2210 507 2271 562 te
2298 498 2495 562 certi-

274 613 439 652 orem
468 595 704 655 faciam.
787 595 1044 654 Animos
1067 595 1544 673 haudquaquam
1571 596 1873 656 ereximus
1897 623 1910 656 z
1956 594 2241 673 quoniam
2268 598 2491 653 autem

275 686 575 747 nobismet
613 683 762 765 ipsis
803 688 953 746 satis
993 687 1320 765 placemuS‚
1351 688 1575 747 lectulo
1616 689 1694 747 ad
1736 689 1938 749 focum
1978 688 2179 765 posito
2208 706 2481 746 commo-

274 777 523 837 dissime
563 779 743 837 strati
773 779 1151 838 recubamus,
1243 778 1563 852 Quondam
1591 784 1655 838 et
1680 781 1884 857 legere
1924 780 2113 841 libet:
2157 784 2369 856 estque
2409 778 2484 837 in

274 869 556 929 manibus
587 869 934 942 Cornelius3
964 872 1236 930 nondum
1262 877 1469 930 tamen
1491 863 1561 930 eo
1582 892 1774 948 usque
1800 872 2059 950 legendo
2090 871 2481 949 pervenimus

276 967 348 1019 ut
375 963 456 1042 de
478 982 548 1021 eo
567 962 868 1041 judicium
889 963 1020 1036 fiat3
1067 963 1417 1034 Pannonica
1448 963 1628 1023 modo
1656 964 1791 1036 ista,
1812 965 1876 1022 in
1902 964 2100 1042 primo
2120 962 2476 1034 Annalium,

274 1042 546 1112 tardiora
584 1053 789 1130 paullo
830 1055 980 1112 visa.
1062 1053 1226 1112 Illud
1259 1059 1499 1113 tantum
1541 1061 1832 1133 superest,
1875 1061 1945 1114 ut
1986 1073 2356 1123 moneamus,
2400 1071 2481 1111 ne

277 1145 430 1206 ceris
477 1145 832 1204 illiberalius
885 1165 1098 1224 parcas
1121 1171 1152 1206 ε.
1194 1166 1350 1206 neve
1406 1147 1569 1206 diem
1621 1146 2045 1226 respondendi,
2095 1145 2202 1224 qui
2256 1145 2350 1204 tui
2395 1144 2479 1207 sit

276 1236 516 1296 arbitrii
542 1235 742 1310 velim,
771 1237 868 1295 lon
875 1239 1012 1314 gius
1042 1239 1359 1315 producas,

293 1340 302 1346 '
397 1329 702 1388 Dabamus
729 1329 807 1389 ad
836 1330 1011 1408 Popii
1045 1328 1286 1404 Villam,
1315 1352 1368 1391 a.
1401 1331 1460 1392 d.
1490 1352 1547 1391 v.
1580 1329 1720 1392 Kal.
1751 1329 2193 1410 Apriles—W.

889 1521 1023 1596 Ἦ.
1110 1519 1413 1611 (Amm,
1442 1535 1609 1594 Rom.
1640 1534 1833 1611 nist.)

397 1676 585 1737 Motis
611 1676 809 1755 prima
835 1678 972 1736 luce
1009 1677 1245 1751 castris,
1276 1677 1593 1756 angustias
1620 1677 1921 1736 exercitus
1960 1674 2341 1754 ingrediturz
2384 1673 2475 1732 in-

280 1769 425 1828 colae
451 1773 676 1842 autem,
708 1770 931 1847 quippe
969 1775 1282 1830 cernentes
1310 1769 1583 1829 hostium
1612 1789 1739 1829 esse
1766 1788 1907 1828 suas
1934 1787 2118 1838 arces,
2148 1766 2345 1845 primo
2374 1766 2474 1824 de-

281 1865 552 1940 spectare
592 1862 924 1939 tranquilli,
957 1881 1070 1921 nec
1097 1861 1435 1940 quidquam
1475 1863 1757 1921 euntibus
1799 1861 2128 1920 obstruere.
2212 1856 2304 1916 Ut
2330 1877 2477 1916 vero

280 1958 588 2031 praerupta
628 1954 852 2012 montis
892 1955 1088 2012 latera
1127 1953 1523 2014 circumtrahi
1576 1953 1818 2031 agmine
1870 1953 2052 2028 longo
2091 1954 2477 2028 angustoque

282 2045 502 2105 Poenos
556 2045 891 2123 conspicati
945 2050 1126 2106 sunt:
1185 2046 1367 2105 simul
1421 2065 1609 2124 equos
1654 2043 2071 2125 jumentaque,
2114 2061 2478 2121 quocunque

280 2138 554 2216 vestigiis
584 2138 949 2211 insisterent,
979 2139 1409 2216 iniquitatibus
1436 2139 1659 2199 luctari
1698 2140 1845 2198 vioe:
1888 2136 2198 2215 praedandi
2238 2134 2479 2193 libidini

281 2251 496 2308 parum
517 2233 760 2309 poterat
786 2232 1008 2304 resisti,
1029 2232 1543 2310 multifariamque
1563 2232 1639 2290 ab
1660 2230 2116 2290 imminentibus
2137 2228 2389 2287 tumulis
2410 2227 2477 2285 in

282 2322 507 2381 Poenos
535 2322 901 2383 decurritur.
969 2324 1163 2382 Foeda
1188 2324 1328 2382 inde
1355 2324 1675 2383 colluvies:
1710 2323 1930 2400 quippe
1957 2322 2021 2380 in
2051 2322 2125 2381 iis
2152 2320 2474 2399 angustiis,

279 2414 404 2487 ubi,
446 2415 626 2473 modo
665 2414 814 2492 quid
857 2416 1159 2474 tumultus
1198 2415 1530 2486 incidisset,
1570 2414 1761 2493 prona
1801 2414 2011 2473 statim
2062 2434 2212 2491 rupe
2264 2412 2479 2491 gravia

279 2507 534 2566 sarcinis
576 2507 858 2586 jumenta
899 2507 1407 2580 detruderentur3
1462 2508 1603 2585 equi
1656 2512 1879 2579 autem,
1922 2505 2316 2564 barbarorum
2368 2504 2479 2562 icti

279 2599 437 2673 telis,
472 2600 960 2670 consternatione
989 2600 1381 2677 cruciatuque
1408 2600 1720 2659 soevientes
1748 2604 2014 2678 stragem
2042 2596 2407 2657 cient.—W.

735 2801 888 2861 VII.
976 2800 1177 2878 (Lonn
1217 2802 1559 2876 MAcAuLAr,
1590 2800 2007 2877 Restm-ahion.)
2076 2778 2079 2781 Δ

385 2942 473 3001 At
499 2942 943 3002 mediam-inter
970 2943 1236 3002 universi
1261 2944 1471 3021 populi
1496 2942 1770 3002 loetitiam
1790 2964 1913 3002 non
1935 2943 2183 3001 deerant
2207 2963 2281 3002 au
2289 2941 2479 3019 spicia

279 3033 540 3091 sinistra.
625 3033 854 3091 Milites
894 3035 957 3092 in
999 3039 1209 3111 aperto
1249 3054 1464 3112 campo
1504 3034 1792 3094 instructi
1844 3055 2048 3113 regem
2089 3034 2475 3093 salutandum

282 3125 718 3202 expectabant:
762 3125 864 3205 ille
890 3126 1152 3203 quidem,
1184 3127 1383 3204 capite
1410 3128 1672 3206 benigne
1711 3127 2019 3200 inclinat0,
2048 3146 2297 3185 manum
2324 3145 2475 3204 prae-

278 3217 452 3276 fectis
480 3217 824 3276 cohortium
850 3217 1094 3277 demisit
1123 3239 1304 3296 quam
1330 3220 1785 3291 oscularentur3
1812 3220 1969 3277 nihil
1995 3239 2139 3278 vero
2166 3218 2476 3277 blandities

279 3308 462 3385 regioe
528 3312 818 3385 egerunt:
889 3313 1102 3367 moesta
1153 3328 1225 3368 ac
1291 3309 1540 3368 sinistra
1606 3312 1874 3370 militum
1927 3329 2067 3383 ora3
2136 3310 2303 3387 quin,
2358 3308 2476 3367 nisi

281 3400 398 3458 sibi
436 3398 895 3480 temperassent,
923 3402 1245 3461 laetificum
1299 3404 1733 3480 spectaculum,
1778 3403 1878 3461 cui
1929 3422 2072 3481 pars
2111 3401 2479 3461 invitissima

277 3492 400 3567 ipsi
448 3491 826 3565 interessent,
872 3492 1116 3569 lugubri
1165 3512 1362 3570 neque
1414 3494 1732 3554 incruento
1782 3495 1899 3553 fine
1950 3499 2110 3554 esset
2162 3494 2473 3553 foedatum.

288 3582 410 3641 Sed
435 3602 649 3661 parum
690 3583 850 3642 inter
889 3604 954 3643 se
995 3585 1493 3647 consentiebant:
1536 3586 1761 3664 quippe
1802 3606 2062 3662 quorum
2103 3606 2247 3665 erga
2292 3585 2475 3643 duces

283 3694 452 3751 aeque
491 3694 562 3734 ac
603 3677 796 3735 socios
837 3677 1124 3737 fiduciam
1166 3679 1488 3739 exemisset
1527 3681 1785 3739 aliorum
1836 3680 2179 3752 discidium,
2220 3678 2475 3738 aliorum

284 3768 574 3829 defectio:
617 3776 925 3849 praeterea,
955 3773 1226 3833 urbanus
1253 3773 1553 3833 exercitus
1580 3778 1749 3835 totus
1775 3778 1995 3851 proesto
2022 3776 2155 3832 erat
2180 3772 2245 3830 in
2271 3772 2474 3843 armis,
