2744 4138
260 163 346 222 42
878 179 1005 224 Kar
1050 181 1125 224 'ro
1171 179 1294 223 'run
1339 179 1526 224 urm
1571 179 1846 225 MANUAL.

385 401 627 462 XXVI.
714 402 1077 480 (SHEBIDAR,
1110 401 1329 482 speech
1354 403 1421 462 in
1447 403 1608 481 reply
1638 409 1692 462 to
1721 403 1878 462 Lord
1903 399 2323 481 Hominyton.)

379 533 547 591 Num
586 537 793 610 aperte
834 553 965 592 rem
1006 531 1311 602 tractabit,
1361 536 1426 591 et
1467 533 1584 592 hoc
1630 552 1820 590 unum
1862 533 2261 612 interroganti
2303 531 2455 590 mihi

262 626 442 702 plane
463 625 854 703 respondebit
872 624 901 684 Ρ
960 623 1243 702 sineque
1265 624 1600 684 Britanniae
1622 645 1820 701 neque
1839 625 2014 684 sociae
2031 625 2160 702 ejus
2181 624 2454 684 Batavioe

264 717 427 777 Galli
454 717 679 776 bellum
721 716 1086 787 intulissent,
1114 737 1263 775 num
1303 737 1414 775 nos
1456 717 1780 794 superioris
1821 717 1966 774 anni
2007 717 2455 776 dimicationem

260 809 453 868 otiose
470 809 804 887 spectaturi
831 828 1086 880 eramus,
1109 814 1171 867 et
1190 809 1483 886 permissa
1500 809 1786 880 Austriae‚
1803 809 2123 882 Borussioe,
2140 810 2454 887 sociisque,

264 901 317 960 si
345 921 497 980 quos
522 901 669 979 ipsae
695 901 992 959 habiturae
1017 907 1236 972 essent,
1268 901 1675 960 decertatione
1701 902 1863 974 belli,
1893 921 2084 960 vacuo
2111 902 2229 980 ipsi
2255 903 2457 960 animo

264 994 592 1071 strepitum
618 994 829 1071 procul
855 993 1307 1053 auscultaturi?
1393 993 1544 1052 Haec
1575 994 1628 1052 si
1655 994 1838 1065 dicat,
1869 993 2073 1052 videte
2101 998 2365 1070 quantas
2392 992 2458 1050 in

263 1085 578 1164 angustias
606 1105 733 1145 sese
759 1090 823 1144 et
849 1105 991 1144 suos
1018 1092 1081 1144 et
1107 1085 1416 1144 civitatem
1453 1085 1789 1162 compellat.
1870 1085 2102 1163 Nempe
2143 1085 2303 1143 inter
2343 1083 2458 1162 hoc

266 1183 331 1236 et
382 1177 503 1235 alia
555 1182 855 1254 quotquot
907 1182 1225 1254 gesserunt
1275 1177 1552 1236 homines
1593 1197 1864 1253 unquam
1909 1176 2084 1247 bella,
2130 1177 2462 1254 plurimum

264 1272 553 1328 interesse
581 1269 834 1330 dicitur:
878 1270 993 1328 hoc
1020 1270 1261 1340 bellum,
1292 1269 1345 1328 si
1374 1270 1506 1328 Diis
1534 1269 1749 1347 placet,
1775 1290 1967 1346 neque
1993 1270 2209 1328 iisdem
2237 1269 2461 1346 quibus

266 1366 469 1421 cetera
508 1362 583 1420 de
623 1363 818 1421 causis
870 1367 1215 1439 susceptum
1270 1367 1381 1434 est,
1430 1383 1627 1440 neque
1675 1363 1858 1422 simili
1904 1362 2154 1420 consilio
2199 1367 2460 1440 gestum.

266 1454 405 1512 Hoc
432 1459 527 1512 est
553 1454 850 1532 ejusmodi
891 1454 1133 1525 bellum,
1164 1454 1231 1511 in
1260 1474 1382 1531 quo
1409 1455 1686 1532 gentium
1726 1455 2105 1531 singularum
2147 1455 2464 1512 commoda

266 1546 597 1624 majoribus
623 1546 893 1606 universi
918 1547 1159 1624 generis
1186 1546 1556 1605 utilitatibus
1583 1549 1917 1606 obruantur
1940 1571 1954 1620 3
1981 1547 2044 1604 in
2073 1566 2193 1623 quo
2220 1546 2466 1624 propria

268 1639 558 1717 cujusque
593 1640 842 1700 offensio
883 1639 1190 1698 communi
1229 1639 1498 1697 omnium
1538 1639 1763 1718 injuria
1805 1639 2192 1710 obscuretur3
2233 1639 2303 1697 in
2342 1658 2466 1715 quo

268 1736 492 1789 cuncta
526 1731 798 1790 omnium
837 1732 1013 1803 bona,
1043 1751 1259 1802 mores,
1288 1731 1522 1808 religi0‚
1551 1731 1617 1789 in
1659 1730 2009 1790 discrimine
2038 1735 2372 1805 versentur,
2403 1735 2466 1788 et

272 1825 469 1882 omnis
498 1824 812 1882 hominum
839 1824 1002 1883 inter
1028 1823 1192 1900 ipsos
1220 1823 1472 1881 societas
1493 1845 1564 1884 ac
1583 1825 1726 1882 vitae
1753 1823 2071 1901 disciplina
2091 1822 2468 1881 defendenda

272 1915 373 1974 sit.
449 1915 622 1973 -Num
663 1935 811 1992 ergo
860 1915 1019 1974 dicet
1060 1914 1177 1973 iste
1214 1935 1341 1974 sese
1379 1915 1474 1973 vel
1506 1917 1708 1992 potius
1748 1915 1944 1992 ipsam
1982 1914 2365 1973 Britanniam
2399 1915 2468 1970 in

271 2011 630 2065 mercaturae
655 2007 804 2064 luxu
831 2011 1123 2084 tanquam
1150 2007 1216 2064 in
1243 2007 1413 2065 molli
1441 2007 1700 2084 quodam
1737 2007 1959 2064 lectulo
1998 2007 2466 2078 recumbentem,

272 2105 403 2158 tam
457 2100 687 2176 grande
741 2106 1049 2165 certamen
1104 2100 1234 2159 sine
1288 2100 1454 2159 omni
1507 2100 1652 2159 cura
1703 2099 1890 2159 fuisse
1932 2104 2358 2178 spectaturam,
2405 2104 2470 2156 et

272 2210 588 2269 passuram
617 2191 837 2267 legum,
868 2191 1218 2267 disciplinas,
1248 2211 1505 2264 morum,
1533 2192 1860 2268 religionis,
1891 2192 2100 2269 ipsius,
2129 2190 2463 2250 mehercle!

276 2282 395 2341 Dei
432 2302 675 2341 causam
718 2288 825 2341 aut
869 2284 1033 2341 omni
1081 2302 1281 2342 carere
1330 2283 1625 2361 praesidio,
1657 2288 1765 2341 aut
1808 2284 2082 2342 barbaris
2127 2282 2466 2342 Germaniae

276 2374 729 2452 Hungariaeque
756 2374 1139 2433 mercenariis
1168 2376 1422 2433 salutem
1451 2380 1765 2453 acceptam
1805 2376 2045 2447 referre,
2075 2376 2192 2435 nisi
2227 2374 2472 2452 propria

276 2468 536 2544 quadam
564 2468 787 2545 injuria
815 2467 1013 2526 Gallia
1040 2468 1230 2544 ipsam
1262 2467 1578 2540 affecisset,
1609 2474 1672 2527 et
1705 2468 1784 2525 ad
1825 2468 1982 2526 hanc
2021 2468 2370 2526 universam
2399 2486 2469 2525 ac

275 2580 440 2637 paene
494 2560 761 2620 divinam
815 2560 1071 2618 tutelam
1138 2558 1582 2636 suscipiendam
1648 2580 1867 2637 parum
1935 2560 2152 2619 decoro
2218 2560 2471 2637 privatae

274 2652 622 2712 offensionis
648 2652 1039 2711 incitamento
1067 2656 1455 2730 provocasset
1474 2650 1658 2710 ?—E.
1689 2652 2011 2710 ΗΑΜῙΜῸΝ
2042 2651 2331 2711 Gmronn.

784 2868 1059 2927 XXVII.
1149 2867 1555 2943 (Ronua'rson,
1592 2868 1830 2927 Chao-les
1861 2867 1960 2944 V.)

398 3000 489 3059 Ut
527 3000 789 3077 primum
831 3000 1260 3077 pervulgatum
1308 3004 1418 3071 est,
1465 2999 1593 3057 haec
1641 2998 1866 3075 oppida
1909 3018 2166 3075 quorum
2214 2997 2473 3055 alterum

275 3092 442 3151 intra
468 3092 655 3150 tridui
681 3112 719 3151 a
745 3092 989 3151 Lutetia
1018 3091 1389 3151 Parisiorum
1418 3092 1606 3162 abest,
1635 3091 1701 3147 in
1729 3091 1995 3149 hostium
2015 3090 2298 3149 manibus
2325 3108 2474 3163 esse,

277 3186 425 3243 urbs
451 3183 559 3242 illa
584 3204 824 3263 magna,
852 3184 1120 3255 inermis,
1144 3189 1206 3243 et
1233 3202 1352 3259 quo
1380 3184 1576 3260 major
1591 3203 1660 3241 eo
1683 3183 1900 3241 subitis
1921 3183 2257 3241 terroribus
2277 3182 2477 3259 magis

183 3271 186 3275 ⁴
280 3277 555 3349 obnoxia,
585 3276 825 3352 ingenti
866 3282 1033 3335 metu
1072 3276 1352 3353 perculsa
1394 3280 1505 3333 est.
1591 3274 1788 3347 Cives,
1816 3282 2110 3352 tanquam
2137 3274 2479 3353 Imperator

277 3373 404 3451 jam
433 3371 625 3450 portis
652 3372 925 3443 instaret,
955 3372 1216 3430 turbatis
1243 3369 1480 3441 animis,
1512 3370 1746 3447 abjecta
1784 3390 1907 3448 spe,
1939 3372 2242 3445 diffugere,
2272 3371 2478 3447 plures

280 3468 577 3545 conjuges
605 3486 745 3524 suas
774 3464 1111 3541 liberosque
1152 3464 1486 3523 secundum
1523 3463 1751 3527 ,flumen
1795 3463 2139 3539 Sequanam
2170 3462 2249 3521 ad
2291 3462 2478 3523 Roto-

283 3579 554 3636 magum,
592 3558 697 3617 alii
753 3555 1069 3617 Genabum
1122 3561 1186 3615 et
1238 3556 1316 3614 ad
1362 3555 1590 3633 oppida
1635 3574 1768 3631 quoe
1811 3556 1876 3612 in
1911 3555 2116 3631 Ligeri
2158 3554 2277 3614 sita
2311 3558 2478 3628 sunt,

281 3651 606 3710 dimittere.
691 3649 831 3728 Ipse
874 3669 982 3707 rex
1025 3648 1389 3708 Eranciscus
1431 3648 1602 3706 nulla
1646 3652 1788 3705 ante
1835 3666 1901 3705 re
1947 3652 2075 3704 tam
2115 3650 2477 3719 commotus,

283 3742 466 3800 simul
506 3746 807 3819 quantum
846 3740 1137 3818 gaudium
1176 3760 1210 3798 e
1246 3738 1624 3817 triumphata
1664 3740 1814 3798 urbe
1848 3738 2044 3797 hostis
2077 3743 2482 3815 conceptui-us

283 3839 460 3907 esset,
491 3832 676 3892 simul
701 3837 928 3911 quanto
955 3832 1019 3891 in
1048 3830 1395 3890 discrimine
1421 3849 1678 3907 regnum
1705 3848 1884 3889 suum
1906 3833 2252 3887 versaretur
2278 3847 2482 3887 secum
