2744 4138
302 192 385 252 52
917 205 1044 252 nr
1086 205 1164 252 ro
1210 204 1335 250 nm
1377 203 1564 250 urm
1609 204 1885 252 mun„

296 374 375 416 ex
402 373 521 431 quo
549 352 911 426 devenerim,
942 354 1169 413 exierit.
1252 353 1391 431 Ipse
1430 357 1635 412 autem
1675 374 1861 433 quum
1901 352 2216 414 familiaris
2242 373 2281 412 a
2307 353 2516 414 sacris

298 446 535 508 mulum
598 445 749 504 mihi
816 451 1100 504 mutuum
1153 445 1602 516 commodasset,
1654 446 1870 504 induxi
1921 445 2168 505 tandem
2220 447 2512 505 animum

306 538 525 600 ceteris
574 557 675 597 me
726 537 1006 597 comitem
1062 537 1315 597 addere:
1375 537 1652 614 interque
1705 538 2116 615 equitandum,
2183 557 2308 597 non
2363 539 2514 597 sine

301 629 559 710 plurim&
623 630 935 707 voluptate
1002 629 1287 688 viciniam
1340 649 1582 687 omnem
1635 628 2037 688 animadverti
2102 649 2222 708 quo
2290 631 2516 689 studio

303 724 604 802 hospitem
670 726 949 780 nostrum
1014 726 1498 799 prosequeretur.
1607 721 1758 780 Erat
1831 721 1991 780 enim
2066 721 2289 799 gaudio
2355 723 2518 781 filiis

305 816 656 876 colonorum
683 817 949 874 claustra.
984 814 1115 872 seni
1141 815 1374 892 optimo
1400 813 1788 892 praetereunti
1814 813 2162 874 recludere:
2206 814 2372 892 quod
2399 815 2516 873 ille

306 913 461 968 nutu
497 905 989 985 capitis—multa
1020 907 1096 965 de
1122 912 1363 984 patrum
1389 907 1487 964 vel
1511 906 1952 965 avunculorum
1981 907 2178 965 salute
2205 927 2516 986 percunc-

308 999 652 1060 tatus—vel
678 998 805 1058 risu
830 1017 1150 1076 repensum
1178 997 1592 1082 volebat.—-G.
1631 998 1697 1056 F.
1729 1015 1804 1056 ns
1834 998 2130 1057 anssmn.

852 1215 967 1276 IX.
1055 1215 1474 1293 (Chanoellor’e
1501 1215 1722 1289 Medal,
1749 1214 1957 1293 1816.)

436 1355 591 1417 Cum
629 1354 966 1442 Chremylo,
1009 1362 1072 1417 et
1092 1359 1238 1417 -seni
1280 1362 1343 1416 et
1380 1358 1571 1435 probo
1609 1357 1744 1417 viro
1771 1357 2079 1436 eidemque
2105 1357 2519 1436 pauperrimo,

314 1448 547 1527 aliquid
572 1449 699 1508 filio
723 1448 1074 1508 divitiarum
1110 1448 1574 1526 relinquendum
1611 1469 1740 1509 esse
1765 1450 2092 1523 videretur,
2137 1451 2214 1510 de
2241 1469 2313 1508 eo
2339 1451 2521 1527 quod

314 1543 664 1602 faciendum
714 1541 798 1600 sit
848 1541 1038 1601 mittit
1087 1541 1167 1601 ad
1238 1541 1603 1619 Apollinem.
1707 1541 1843 1616 Quo
1909 1562 2046 1602 cum
2110 1543 2522 1620 pervenisset,

315 1635 587 1694 monitus
613 1637 707 1693 est
732 1634 811 1691 ab
846 1633 1088 1693 oraculo
1135 1637 1223 1706 ut,
1272 1653 1454 1710 quem
1502 1633 1765 1710 primum
1809 1633 2179 1712 perspiceret
2223 1653 2521 1712 egressus

316 1748 351 1788 e
376 1726 637 1805 templis,
666 1745 804 1785 eum
832 1728 1200 1804 sequeretur.
1287 1724 1506 1784 Senem
1531 1729 1750 1797 autem,
1783 1745 1962 1803 quem
1983 1725 2208 1784 vidisse
2226 1725 2514 1804 contigit,

317 1839 542 1880 coecum
568 1824 632 1878 et
656 1818 947 1896 adspectu
980 1817 1291 1878 sordidum
1331 1822 1653 1895 postquam
1687 1813 1809 1876 huc
1845 1821 1909 1876 et
1941 1817 2087 1876 illue
2119 1823 2516 1878 consectatus

314 1916 489 1984 esset,
519 1915 652 1969 tum
677 1911 779 1969 ille
807 1910 1055 1970 Plutum
1085 1929 1149 1970 se
1175 1929 1303 1968 esse
1324 1909 1568 1967 demum
1589 1909 1852 1986 agnovit,
1881 1929 2106 1968 numen
2133 1908 2513 1981 divitiarum,

316 2005 390 2063 e‘x
416 2002 587 2063 avari
613 2002 789 2061 domo
815 2003 1157 2083 nuperrime
1184 2021 1510 2081 egressum.
1593 2000 1881 2060 Narravit
1907 2001 2153 2080 insuper
2182 1999 2516 2079 Chremylo

318 2097 537 2156 Plutus
564 2096 809 2155 solitum
850 2116 979 2156 esse
1020 2116 1085 2155 se
1124 2115 1383 2174 puerum
1422 2095 1742 2165 declarare,
1784 2100 1856 2153 ut
1897 2094 2158 2172 primum
2185 2115 2260 2153 ex
2287 2095 2520 2155 adoles-

317 2188 591 2248 centibus
619 2207 893 2266 egressus
918 2188 1119 2260 fuerit,
1148 2187 1376 2245 nemini
1404 2205 1468 2245 se
1494 2186 1612 2245 nisi
1637 2186 1786 2245 viris
1813 2192 1876 2245 et
1903 2186 2106 2264 probis
2143 2192 2206 2245 et
2243 2186 2522 2245 honestis

314 2300 461 2358 opes
486 2281 775 2339 daturum
802 2278 968 2340 fore:
1000 2298 1120 2357 quo
1145 2278 1392 2356 quidem
1420 2279 1660 2338 decreto
1688 2298 1725 2337 a
1753 2278 1906 2337 Jove
1933 2278 2156 2350 audito,
2186 2284 2521 2356 postquam

317 2374 401 2445 id,
431 2393 614 2451 quam
640 2372 888 2450 plenum
912 2375 1069 2429 esset
1088 2371 1276 2441 malis,
1306 2370 1720 2441 intellexisset,
1743 2370 1880 2428 visu
1907 2369 1964 2428 ei
1982 2370 2189 2428 statim
2205 2370 2518 2448 adempto,

321 2486 544 2525 caecum
579 2471 642 2525 et
680 2468 969 2540 tanquam
998 2484 1035 2522 a.
1064 2462 1388 2542 Chremylo
1412 2472 1818 2540 conspectum,
1861 2482 1970 2539 per
1997 2482 2204 2521 omnes
2238 2463 2521 2540 regiones

320 2562 685 2636 vagatur-um
729 2554 980 2614 dimisit.
1066 2554 1183 2614 Oui
1222 2574 1362 2613 cum
1402 2553 1467 2611 id
1506 2572 1663 2631 oegre
1704 2551 2094 2631 persuasisset
2135 2552 2519 2631 Chremylus‚

320 2661 392 2709 ut
429 2651 673 2709 domum
715 2668 887 2708 suam
914 2666 1118 2705 secum
1144 2645 1280 2719 iret,
1321 2646 1410 2705 ibi
1442 2645 1662 2705 vetuloe
1688 2644 1933 2703 cuidam
1957 2644 2023 2702 in
2050 2651 2319 2723 pennata
2345 2651 2520 2703 veste

318 2742 600 2814 occurrit,
644 2740 742 2799 cui
783 2758 1003 2798 nomen
1042 2742 1174 2796 erat
1215 2736 1620 2815 ‘Paupertas,’
1680 2757 1813 2814 quae
1851 2737 2076 2795 multos
2114 2757 2307 2797 annos
2347 2737 2522 2813 apud

321 2854 459 2892 eum
512 2831 842 2911 hospitium
897 2830 1231 2888 invenerat.
1318 2828 1475 2888 Cum
1517 2832 1724 2887 autem
1770 2848 1895 2887 non
1948 2828 2040 2887 ita
2091 2834 2387 2907 prompte,
2443 2848 2520 2888 ac

320 2923 531 2996 voluit,
589 2943 665 2982 ex
720 2922 949 2981 oedibus
1000 2920 1309 3001 Chremyli
1360 2920 1696 2980 discederet
1735 2939 1906 2992 anus,
1949 2924 2083 2978 tum
2123 2920 2214 2979 illi
2265 2920 2520 2979 exilium

320 3018 588 3076 minatus
605 3020 713 3089 est,
743 3035 938 3092 neque
965 3015 1032 3073 id
1046 3016 1225 3074 modo
1248 3016 1321 3074 de
1349 3012 1462 3074 su&
1488 3014 1684 3085 domo,
1714 3014 1820 3072 sed
1840 3012 1970 3072 tot&
1986 3014 2173 3071 etiam
2199 3032 2232 3071 e
2261 3011 2517 3084 Graeciss,
2613 3080 2618 3087 ¹

320 3110 450 3197 nisi·
463 3109 581 3168 iter
604 3109 886 3168 lubenter
911 3112 974 3167 et
998 3106 1319 3169 confestim
1346 3105 2164 3183 susciperet—Mammam
2188 3106 2458 3164 Lawsoin

1150 3328 1231 3387 X.
1320 3326 1662 3403 (Honnnn.)

440 3474 857 3533 Moriebantur
891 3472 962 3530 in,
988 3470 1269 3547 domibus
1310 3470 1551 3530 feminae
1581 3476 1643 3530 et
1681 3470 1960 3545 infantes,
2001 3491 2110 3550 per
2148 3471 2283 3529 vias
2323 3488 2516 3541 senes,

322 3586 572 3645 corpora
612 3566 962 3644 plerumque
1009 3563 1344 3636 inhumata,
1395 3563 1672 3642 cognatis
1726 3582 1849 3642 prae
1897 3562 2251 3623 infirmitate
2305 3570 2517 3620 maesta

319 3657 758 3731 aversantibus,
801 3662 910 3715 aut
947 3656 1013 3713 in
1048 3656 1290 3733 proprio
1339 3653 1606 3731 periculo
1653 3654 1998 3714 communia.
2043 3654 2512 3733 negligentibus.

321 3751 513 3810 Fuere
540 3749 644 3827 qui
670 3749 737 3808 in
773 3747 1077 3807 humando
1120 3746 1470 3806 interirent:
1514 3746 1620 3805 alii
1656 3745 1816 3805 inter
1854 3747 2133 3823 sepulcra
2171 3745 2292 3824 ipsi
2318 3765 2383 3804 se
2410 3744 2516 3805 vix

319 3842 778 3923 componebant.
856 3838 1174 3916 Nusquam
1200 3839 1404 3897 luctus
1432 3837 1796 3915 plangorve:
1837 3838 2018 3898 nullae
2043 3839 2121 3897 ad
2149 3838 2515 3916 gemendum
