2744 4138
1122 1050 1547 1146 KEY

1239 1266 1437 1300 'romu

404 1415 779 1496 MANUAL
846 1415 949 1492 oF
1006 1393 1273 1528 LfflN
1340 1413 1611 1490 PROSE
1679 1411 2269 1504 comrosfflox.

1208 1611 1486 1639 ’.οφ-

1063 1866 1138 1930 Ρ
1162 1866 1243 1928 A
1270 1853 1448 1929 R’T
1556 1865 1588 1928 I
1609 1916 1623 1929 .

1150 2033 1448 2092 Exmzcmn
1493 2032 1542 2092 Ι.

250 2168 458 2227 Nutu
510 2185 607 2225 res
660 2186 769 2244 per
808 2164 1152 2235 triennium,
1202 2163 1324 2221 nisi
1367 2164 1448 2221 ad
1493 2169 1713 2223 nutum
1755 2165 1951 2239 istius,
2001 2167 2274 2245 judicata
2318 2175 2442 2228 est:

250 2260 419 2319 nulla
452 2278 551 2317 res
586 2263 714 2316 tam
753 2257 952 2335 patria
978 2256 1334 2332 cujusquam
1371 2259 1557 2332 atque
1583 2256 1750 2315 avita
1775 2258 1912 2330 fuit,
1943 2279 2076 2336 quae
2103 2280 2224 2317 non
2252 2260 2328 2318 ab
2357 2281 2444 2332 ec,

250 2352 504 2429 imperio
521 2351 720 2421 istius,
739 2348 1202 2427 abjudicaretur.
1246 2346 1724 2407 Innumerabiles
1750 2352 2017 2427 pecuniae
2038 2372 2110 2410 ex
2140 2357 2449 2410 aratorum

250 2446 425 2503 bonis
460 2462 617 2502 novo
657 2441 1007 2517 nefarioque
1044 2440 1331 2497 instituto
1370 2444 1626 2499 coactae:
1671 2441 1834 2500 cives
1871 2442 2131 2501 Romani
2172 2444 2450 2503 servilem

250 2540 315 2595 in
362 2538 610 2596 modum
664 2532 919 2593 cruciati
974 2537 1036 2591 et
1087 2531 1322 2591 necati:
1391 2532 1666 2592 homines
1728 2535 2142 2595 nocentissimi
2199 2542 2450 2616 propter

252 2629 540 2707 pecunias
560 2627 790 2705 judicio
810 2624 1050 2683 liberati
1070 2649 1084 2683 ε
1128 2622 1539 2683 honestissimi
1559 2630 1740 2701 atque
1757 2626 2149 2705 integerrimi,
2169 2630 2447 2695 absentes

254 2722 339 2779 rei
386 2720 551 2791 facti,
593 2718 823 2776 indicta
862 2716 1042 2776 causa
1082 2715 1353 2773 damnati
1401 2721 1464 2775 et
1510 2717 1720 2794 ejecti:
1779 2726 1995 2796 portus
2037 2720 2442 2791 munitissimi,

256 2814 531 2870 maximae
571 2809 1011 2885 tutissimaeque
1066 2807 1245 2866 urbes
1298 2807 1514 2885 piratis
1553 2810 2054 2887 praedonibusque
2096 2812 2441 2889 patefactae:

256 2909 455 2962 nautae
482 2902 822 2977 militesque
848 2900 1206 2971 Siculorum,
1232 2900 1379 2958 socii
1398 2900 1592 2958 nostri
1612 2906 1793 2977 atque
1814 2904 2008 2975 amici,
2027 2903 2184 2962 fame
2209 2908 2406 2963 necati
2432 2934 2442 2965 :

258 2998 477 3055 classes
530 2995 772 3071 optimae
822 2998 1007 3069 atque
1060 2993 1601 3069 opportunissimas,
1649 3013 1789 3052 cum
1842 2996 2064 3073 magna
2113 2996 2448 3073 ignominia

258 3088 466 3167 populi
487 3084 763 3156 Romani,
787 3086 1020 3143 amissae
1046 3089 1110 3143 et
1136 3084 1408 3161 perditas.
1477 3085 1649 3144 Idem
1675 3087 1790 3145 iste
1818 3092 2036 3164 proetor
2058 3098 2449 3150 monumenta

260 3180 697 3257 antiquissima,
718 3178 943 3255 partim
962 3196 1175 3253 regum
1193 3177 1817 3254 locupletissimorum,
1837 3200 1971 3258 quae
1987 3181 2076 3239 illi
2095 3192 2449 3243 ornamento

259 3273 507 3332 urbibus
551 3290 679 3331 esse
727 3270 1066 3341 voluerunt,
1116 3268 1339 3345 partim
1388 3269 1570 3327 etiam
1613 3277 1956 3331 nostrorum
1998 3273 2448 3350 imperatorum,

260 3386 391 3443 quae
430 3365 691 3425 victores
732 3361 1081 3421 civitatibus
1134 3360 1353 3419 Siculis
1397 3367 1505 3419 aut
1546 3363 1846 3421 dederunt
1883 3370 1993 3423 aut
2037 3367 2449 3441 reddiderunt,

262 3456 541 3536 spoliavit
580 3454 960 3530 nudavitque
993 3453 1215 3511 omnia.
1298 3452 1511 3530 Neque
1546 3453 1660 3512 hoc
1697 3456 1894 3514 solum
1927 3457 1992 3517 in
2019 3460 2236 3518 statuis
2276 3468 2450 3519 ornass

261 3549 598 3627 mentisque
635 3547 895 3625 publicis
932 3545 1115 3616 fecit;
1158 3544 1267 3603 sed
1306 3545 1490 3603 etiam
1532 3545 1784 3606 delubra
1807 3549 2028 3620 omnia,
2059 3552 2454 3611 sanctissimis

262 3641 649 3718 religionibus
694 3647 1058 3709 consecrata,
1102 3638 1494 3715 depeculatus
1521 3643 1644 3710 est;
1689 3640 1869 3698 deum
1913 3641 2172 3719 denique
2219 3644 2456 3704 nullum

264 3732 499 3799 Siculis,
543 3734 647 3808 qui
679 3732 737 3789 ei
775 3731 979 3808 paullo
1007 3730 1205 3807 magis
1241 3728 1466 3787 affabre
1492 3736 1670 3807 atque
1695 3732 1949 3810 antiquo
1975 3734 2232 3794 artificio
2259 3736 2457 3796 faetus

268 3824 587 3895 videretur,
616 3821 1097 3898 reliquit—010.
1128 3824 1195 3881 in
1227 3822 1384 3882 Verr.
1417 3838 1455 3880 1.
1489 3822 1543 3881 5.
2376 3850 2552 3871 -ιιι

1352 3930 1388 3971 Β
