2744 4138
1244 167 1402 216 Pam·
1448 169 1494 214 1.
2433 153 2470 216 7

1328 352 1412 410 Χ.

391 483 477 546 Et
517 484 823 564 loquimur
874 484 950 543 de
1002 483 1352 542 Alexandro
1397 483 1666 542 nondum
1712 501 1910 542 merso
1951 482 2131 542 rebus
2175 484 2471 554 secundis,

270 595 728 656 quarumnemo
745 576 1165 635 intolerantior
1184 575 1320 634 fuit.
1385 573 1636 635 Referre
1653 575 1716 632 in
1733 580 1906 634 tanto
1923 595 2064 653 rege
2087 575 2253 652 piget
2271 595 2337 632 su
2347 596 2470 652 per-

270 671 413 729 bam
454 671 855 728 mutationem
895 667 1103 739 vestis,
1145 671 1209 725 et
1248 665 1618 726 desideratas
1672 667 1844 724 humi
1889 667 2225 744 jacentium
2264 667 2470 724 adula-

271 763 487 832 tiones,
506 761 692 820 etiam
706 759 888 818 victis
905 758 1333 818 Macedonibus
1350 777 1584 835 graves,
1604 758 1829 818 nedum
1844 757 2206 831 victoribus3
2227 765 2290 818 et
2306 760 2472 818 foeda

272 852 586 929 supplicia,
618 858 680 910 et
705 852 866 912 inter
891 850 1103 910 vinum
1128 855 1191 908 et
1217 851 1428 929 epulas
1455 851 1644 910 oaedes
1670 851 2021 924 amicorum,
2050 855 2112 909 et
2137 851 2472 910 vanitatem

270 944 667 1003 ementiendae
712 943 939 1020 stirpis.
1023 941 1203 1015 Quid,
1250 943 1305 1000 si
1350 942 1481 1001 vini
1526 962 1698 1002 amor
1741 942 1810 1000 in
1851 943 1980 1001 dies
2017 943 2190 1002 fieret
2229 943 2468 1002 aerior}>

269 1036 439 1112 quid,
481 1037 535 1093 si
574 1040 718 1093 trux
756 1054 828 1094 ac
871 1034 1229 1111 praefervida
1270 1033 1363 1092 ira
1381 1033 1604 1093 ?—-uec
1644 1035 1977 1111 quidquam
2017 1034 2271 1094 dubium
2311 1035 2471 1094 inter

268 1128 593 1205 scriptores
660 1126 1135 1190 refero—nonne
1198 1125 1324 1184 haec
1388 1126 1610 1184 damna
1671 1126 2077 1205 imperatoriis
2139 1127 2472 1186 virtutibus

268 1219 547 1277 ducimus
568 1217 598 1277 Ρ
682 1217 756 1275 Id
795 1238 939 1277 vero
994 1218 1333 1295 periculum
1375 1224 1523 1289 erat,
1568 1219 1730 1295 quod
1778 1219 2067 1277 levissimi
2106 1239 2182 1278 ex
2224 1217 2468 1292 Graecis,

268 1311 374 1387 qui
418 1310 787 1369 Parthorum
823 1330 1063 1388 quoque
1105 1314 1317 1368 contra
1358 1329 1575 1367 nomen
1617 1310 1964 1369 Romanum
2005 1311 2212 1389 gloriae
2244 1311 2468 1382 favent,

266 1403 545 1462 dictitare
570 1403 784 1475 solent,
814 1423 891 1462 ne
919 1403 1298 1480 majestatem
1326 1401 1592 1460 nominis
1620 1401 1968 1474 Alexandri,
1999 1423 2180 1479 quem
2209 1423 2286 1462 ne
2313 1404 2472 1462 fama

265 1493 515 1570 quidem
541 1494 662 1553 illis
690 1500 903 1553 notum
929 1494 1192 1551 arbitror
1217 1493 1419 1563 fuisse,
1444 1492 1740 1552 sustinere
1765 1513 1888 1551 non
1915 1495 2184 1571 potuerit
2208 1497 2470 1572 populus

238 1585 617 1659 ,Romanum
658 1592 739 1658 et,
775 1586 1065 1645 adversus
1104 1605 1285 1661 quem
1322 1583 1600 1656 Athenis,
1645 1584 1712 1642 in
1751 1585 1998 1644 civitate
2037 1586 2231 1646 fracta
2270 1587 2468 1645 Mace-

265 1680 498 1738 donum
533 1679 738 1752 armis,
780 1684 1068 1738 cernente
1109 1683 1244 1736 tum
1284 1697 1474 1756 prope
1513 1677 1815 1755 fumantes
1859 1678 2203 1737 Thebarum
2243 1681 2468 1750 ruinas,

262 1772 608 1830 concionari
661 1770 845 1829 libere
898 1769 1033 1828 ausi
1086 1770 1211 1827 sint
1264 1769 1556 1840 homines,
1605 1769 1670 1826 id
1715 1770 1878 1847 quod
1933 1790 2008 1828 ex
2062 1774 2470 1829 monumentis

262 1862 608 1922 orationum
647 1865 831 1940 patet,
860 1862 1151 1921 adversus
1179 1882 1316 1920 eum
1345 1881 1523 1919 nemo
1551 1881 1628 1918 ex
1664 1867 1758 1921 tot
1792 1863 2140 1938 proceribus
2179 1863 2469 1923 Romanis

262 1971 473 2010 vocem
501 1953 752 2011 liberam
780 1952 1075 2010 missurus
1102 1951 1293 2010 fuerit
1314 1950 1598 2023 P-—LrVY‚
1630 1969 1706 2011 lx.
1740 1953 1832 2012 18.

1314 2122 1433 2181 XI.

384 2248 480 2307 Ibi
500 2254 735 2327 partem
754 2251 1041 2329 majorem
1062 2250 1277 2310 hiemis
1294 2251 1628 2311 exercitum
1645 2250 1710 2311 in
1725 2252 1900 2311 tectis
1921 2248 2154 2325 habuit,
2173 2253 2466 2315 adversus

260 2342 467 2401 omnia
493 2343 757 2401 humana
783 2343 943 2402 mala
967 2344 1271 2416 duratum,
1299 2344 1473 2403 bonis
1511 2345 1896 2423 inexpertum
1923 2354 2105 2423 atque
2133 2346 2468 2405 insuetum.

262 2433 494 2511 Itaque,
525 2455 676 2511 quos
714 2436 886 2494 nulla
922 2436 1064 2493 mali
1094 2436 1325 2494 vicerat
1349 2436 1464 2508 vis,
1493 2438 1804 2514 perdidere
1836 2438 2025 2497 nimia
2063 2438 2220 2497 bona
2255 2458 2324 2497 ac
2361 2460 2466 2496 vo·

260 2527 525 2603 luptates
551 2527 922 2599 immodicae3
964 2532 1027 2585 et
1064 2549 1135 2587 eo
1163 2528 1513 2606 impensiuS,
1544 2550 1664 2607 quo
1693 2530 1932 2588 avidius
1958 2550 2033 2588 ex
2059 2530 2378 2593 insolentia
2399 2532 2465 2589 in

259 2639 362 2678 eas
390 2641 455 2681 se
483 2627 831 2681 merserant.
908 2621 1172 2681 Somnus
1192 2622 1372 2693 enim,
1395 2628 1458 2680 et
1484 2623 1697 2682 vinum
1723 2627 1788 2682 et
1815 2624 2026 2702 epulae,
2049 2623 2381 2700 balneaque
2403 2631 2463 2683 et

257 2712 469 2785 otium,
507 2714 942 2773 consuetudine
983 2714 1046 2771 in
1089 2715 1221 2773 dies
1262 2714 1562 2787 blandius,
1605 2714 1693 2773 ita
1730 2720 2174 2775 enervaverunt
2211 2735 2461 2795 corpora

255 2805 625 2882 animosque,
683 2810 752 2863 ut
806 2806 1001 2883 magis
1054 2808 1376 2884 prseteritae
1424 2807 1690 2867 victorioe
1741 2826 1844 2865 eos
1896 2827 2082 2885 quam
2136 2814 2462 2886 praesentes

257 2902 609 2954 tutarentur
635 2897 830 2968 vires3
872 2899 1187 2976 majusque
1224 2898 1286 2955 id
1327 2903 1645 2975 peccatum
1673 2899 1846 2957 ducis
1873 2900 2037 2976 apud
2063 2901 2288 2980 peritos
2314 2903 2460 2959 arti-

258 3010 365 3045 um
421 2988 779 3046 militarium
837 2989 1177 3061 haberetur,
1227 3010 1410 3066 quam
1459 2989 1621 3066 quod
1673 3010 1796 3048 non
1848 3010 1922 3049 ex
1979 2990 2281 3051 Cannensi
2335 2996 2479 3053 acie-

258 3082 537 3157 protinus
564 3080 642 3139 ad
670 3082 884 3139 urbem
911 3080 1253 3140 Romanam
1294 3082 1586 3141 duxisset.
1669 3082 1786 3139 Illa
1810 3082 1974 3140 enim
1999 3085 2309 3144 cunctatio
2337 3086 2455 3143 dis-

257 3174 467 3232 tulisse
504 3172 683 3231 modo
710 3172 1029 3231 victoriam
1058 3174 1253 3232 videri
1292 3175 1512 3251 potuit,
1545 3173 1643 3232 hic
1668 3194 1840 3233 error
1865 3176 2023 3235 vires
2056 3176 2350 3235 ademisse
2378 3180 2458 3236 ad

255 3265 640 3324 vincendum.
724 3264 960 3342 Itaque,
1002 3265 1173 3322 velut
1212 3265 1266 3323 si
1305 3284 1442 3323 cum
1484 3265 1601 3324 alio
1644 3266 1914 3325 exercitu
1942 3286 1979 3325 a
2008 3266 2216 3345 Capua
2241 3270 2452 3341 exiret,

253 3357 407 3415 nihil
450 3357 721 3435 pristinae
748 3356 1079 3434 disciplinae
1105 3356 1323 3415 tenuit.
1408 3357 1571 3415 Nam
1609 3358 1714 3417 ubi
1755 3360 2019 3435 primum
2049 3361 2163 3419 sub
2195 3361 2452 3439 pellibus

258 3448 470 3507 haberi
496 3451 684 3527 coepti
710 3454 872 3519 sunt,
902 3449 1122 3525 viaque
1148 3454 1212 3507 et
1236 3449 1392 3509 alius
1411 3450 1691 3510 militaris
1718 3451 1889 3510 labor
1912 3453 2167 3529 excepit,
2190 3455 2452 3512 tironum

253 3540 432 3599 modo
459 3542 809 3619 corporibus
834 3540 1174 3616 animisque
1203 3540 1580 3614 deficiebant,
1610 3546 1673 3601 et
1713 3542 1931 3602 deinde
1958 3564 2066 3621 per
2090 3564 2268 3603 omne
2293 3546 2456 3604 aesti-

253 3650 468 3690 vorum
494 3638 739 3713 tempus
764 3651 988 3710 magna
1015 3650 1156 3709 pars
1182 3631 1313 3691 sine
1340 3634 1778 3693 commeatibus
1805 3634 1882 3691 ab
1903 3634 2094 3712 signis
2109 3635 2453 3695 dilabeban.

253 3730 393 3783 tur:
437 3743 634 3801 neque
662 3726 795 3785 aliae
835 3725 1082 3785 latebrae
1108 3743 1289 3803 quam
1321 3723 1528 3803 Capua
1564 3724 1972 3786 desertoribus
2007 3718 2452 3803 'erant—ler,

255 3833 425 3875 xxm.
458 3818 551 3878 18.
