<?xml version="1.0" encoding="UTF-8"?>
<!DOCTYPE html PUBLIC "-//W3C//DTD XHTML 1.0 Transitional//EN"
    "http://www.w3.org/TR/xhtml1/DTD/xhtml1-transitional.dtd">
<html xmlns="http://www.w3.org/1999/xhtml" xml:lang="en" lang="en">
 <head>
  <title>
</title>
<meta http-equiv="Content-Type" content="text/html;charset=utf-8" />
  <meta name='ocr-system' content='tesseract 3.04.00' />
  <meta name='ocr-capabilities' content='ocr_page ocr_carea ocr_par ocr_line ocrx_word'/>
</head>
<body>
  <div class='ocr_page' id='page_1' title='image "./akeytomanuallat00wilkgoog_0043.png"; bbox 0 0 2744 4138; ppageno 0'>
   <div class='ocr_carea' id='block_1_1' title="bbox 292 157 1881 220">
    <p class='ocr_par' dir='ltr' id='par_1_1' title="bbox 292 157 1881 220">
     <span class='ocr_line' id='line_1_1' title="bbox 292 157 1881 220; baseline -0.002 -1"><span class='ocrx_word' id='word_1_1' title='bbox 292 157 375 220; x_wconf 83' lang='lat'><strong>32</strong></span> <span class='ocrx_word' id='word_1_2' title='bbox 905 171 1033 218; x_wconf 72' lang='lat' dir='ltr'><strong>xm</strong></span> <span class='ocrx_word' id='word_1_3' title='bbox 1077 173 1152 218; x_wconf 79' lang='lat' dir='ltr'><strong>ro</strong></span> <span class='ocrx_word' id='word_1_4' title='bbox 1197 171 1320 217; x_wconf 76' lang='lat' dir='ltr'><strong>mn</strong></span> <span class='ocrx_word' id='word_1_5' title='bbox 1363 170 1552 217; x_wconf 65' lang='lat' dir='ltr'><strong>nrm</strong></span> <span class='ocrx_word' id='word_1_6' title='bbox 1597 170 1881 218; x_wconf 63' lang='lat' dir='ltr'><strong>mmmm.</strong></span> 
     </span>
    </p>
   </div>
   <div class='ocr_carea' id='block_1_2' title="bbox 290 318 2491 1210">
    <p class='ocr_par' dir='ltr' id='par_1_2' title="bbox 290 318 2491 1210">
     <span class='ocr_line' id='line_1_2' title="bbox 291 318 2483 400; baseline -0.001 -20"><span class='ocrx_word' id='word_1_7' title='bbox 291 327 426 380; x_wconf 88' lang='lat' dir='ltr'><strong>tum</strong></span> <span class='ocrx_word' id='word_1_8' title='bbox 467 324 579 392; x_wconf 89' lang='lat' dir='ltr'><strong>est,</strong></span> <span class='ocrx_word' id='word_1_9' title='bbox 623 340 742 398; x_wconf 88' lang='lat' dir='ltr'><strong>quo</strong></span> <span class='ocrx_word' id='word_1_10' title='bbox 789 321 1161 400; x_wconf 73' lang='lat' dir='ltr'><strong>evagabatur</strong></span> <span class='ocrx_word' id='word_1_11' title='bbox 1212 322 1515 380; x_wconf 82' lang='lat' dir='ltr'><strong>effroenata</strong></span> <span class='ocrx_word' id='word_1_12' title='bbox 1566 320 1685 379; x_wconf 86' lang='lat' dir='ltr'><strong>ista</strong></span> <span class='ocrx_word' id='word_1_13' title='bbox 1738 318 2147 397; x_wconf 73' lang='lat' dir='ltr'><strong>sophistarum</strong></span> <span class='ocrx_word' id='word_1_14' title='bbox 2196 318 2445 379; x_wconf 85' lang='lat' dir='ltr'><strong>licentia</strong></span> <span class='ocrx_word' id='word_1_15' title='bbox 2464 344 2483 378; x_wconf 75' lang='grc' dir='ltr'><strong>ε</strong></span> 
     </span>
     <span class='ocr_line' id='line_1_3' title="bbox 291 410 2491 490; baseline -0.001 -17"><span class='ocrx_word' id='word_1_16' title='bbox 291 414 537 485; x_wconf 87' lang='lat' dir='ltr'><strong>scilicet,</strong></span> <span class='ocrx_word' id='word_1_17' title='bbox 567 420 1099 490; x_wconf 87' lang='lat' dir='ltr'><strong>quantumcunque</strong></span> <span class='ocrx_word' id='word_1_18' title='bbox 1125 413 1367 472; x_wconf 83' lang='lat' dir='ltr'><strong>valeant</strong></span> <span class='ocrx_word' id='word_1_19' title='bbox 1392 412 1667 489; x_wconf 87' lang='lat' dir='ltr'><strong>improba</strong></span> <span class='ocrx_word' id='word_1_20' title='bbox 1681 410 1993 470; x_wconf 71' lang='lat' dir='ltr'><strong>temeritas</strong></span> <span class='ocrx_word' id='word_1_21' title='bbox 2010 417 2073 470; x_wconf 89' lang='lat' dir='ltr'><strong>et</strong></span> <span class='ocrx_word' id='word_1_22' title='bbox 2089 412 2491 471; x_wconf 85' lang='lat' dir='ltr'><strong>subtilissima</strong></span> 
     </span>
     <span class='ocr_line' id='line_1_4' title="bbox 291 503 2481 584; baseline -0.002 -18"><span class='ocrx_word' id='word_1_23' title='bbox 291 507 535 578; x_wconf 88' lang='lat' dir='ltr'><strong>astutia,</strong></span> <span class='ocrx_word' id='word_1_24' title='bbox 560 526 678 584; x_wconf 92' lang='lat' dir='ltr'><strong>quo</strong></span> <span class='ocrx_word' id='word_1_25' title='bbox 703 504 799 564; x_wconf 81' lang='lat' dir='ltr'><strong>fas</strong></span> <span class='ocrx_word' id='word_1_26' title='bbox 825 505 1112 582; x_wconf 79' lang='lat' dir='ltr'><strong>nefasque</strong></span> <span class='ocrx_word' id='word_1_27' title='bbox 1139 505 1521 576; x_wconf 74' lang='lat' dir='ltr'><strong>misceantur,</strong></span> <span class='ocrx_word' id='word_1_28' title='bbox 1545 504 1612 563; x_wconf 90' lang='lat' dir='ltr'><strong>id</strong></span> <span class='ocrx_word' id='word_1_29' title='bbox 1636 523 1813 563; x_wconf 89' lang='lat' dir='ltr'><strong>omne</strong></span> <span class='ocrx_word' id='word_1_30' title='bbox 1839 503 1945 563; x_wconf 84' lang='lat' dir='ltr'><strong>isti</strong></span> <span class='ocrx_word' id='word_1_31' title='bbox 1973 504 2119 562; x_wconf 91' lang='lat' dir='ltr'><strong>olim</strong></span> <span class='ocrx_word' id='word_1_32' title='bbox 2140 505 2481 575; x_wconf 72' lang='lat' dir='ltr'><strong>tentabant,</strong></span> 
     </span>
     <span class='ocr_line' id='line_1_5' title="bbox 290 592 2483 674; baseline -0.002 -17"><span class='ocrx_word' id='word_1_33' title='bbox 290 597 591 674; x_wconf 88' lang='lat' dir='ltr'><strong>iidemque</strong></span> <span class='ocrx_word' id='word_1_34' title='bbox 629 596 892 673; x_wconf 84' lang='lat' dir='ltr'><strong>turpiter</strong></span> <span class='ocrx_word' id='word_1_35' title='bbox 930 596 1366 655; x_wconf 84' lang='lat' dir='ltr'><strong>obmutuerunt</strong></span> <span class='ocrx_word' id='word_1_36' title='bbox 1410 594 1688 653; x_wconf 83' lang='lat' dir='ltr'><strong>Platonis</strong></span> <span class='ocrx_word' id='word_1_37' title='bbox 1719 593 2147 671; x_wconf 85' lang='lat' dir='ltr'><strong>redarguentis</strong></span> <span class='ocrx_word' id='word_1_38' title='bbox 2171 592 2483 666; x_wconf 64' lang='lat' dir='ltr'><strong>facundia,</strong></span> 
     </span>
     <span class='ocr_line' id='line_1_6' title="bbox 291 685 2487 768; baseline -0.002 -19"><span class='ocrx_word' id='word_1_39' title='bbox 291 690 585 768; x_wconf 67' lang='lat' dir='ltr'><strong>sapientia</strong></span> <span class='ocrx_word' id='word_1_40' title='bbox 610 693 673 748; x_wconf 92' lang='lat' dir='ltr'><strong>et</strong></span> <span class='ocrx_word' id='word_1_41' title='bbox 690 687 1146 765; x_wconf 85' lang='lat' dir='ltr'><strong>inexpugnabili</strong></span> <span class='ocrx_word' id='word_1_42' title='bbox 1163 687 1406 746; x_wconf 83' lang='lat' dir='ltr'><strong>virtute.</strong></span> <span class='ocrx_word' id='word_1_43' title='bbox 1489 686 1625 745; x_wconf 88' lang='lat' dir='ltr'><strong>Hoc</strong></span> <span class='ocrx_word' id='word_1_44' title='bbox 1651 685 1837 745; x_wconf 86' lang='lat' dir='ltr'><strong>ferme</strong></span> <span class='ocrx_word' id='word_1_45' title='bbox 1862 686 2042 744; x_wconf 90' lang='lat' dir='ltr'><strong>modo</strong></span> <span class='ocrx_word' id='word_1_46' title='bbox 2070 685 2159 758; x_wconf 89' lang='lat' dir='ltr'><strong>fit,</strong></span> <span class='ocrx_word' id='word_1_47' title='bbox 2189 689 2263 743; x_wconf 92' lang='lat' dir='ltr'><strong>ut</strong></span> <span class='ocrx_word' id='word_1_48' title='bbox 2288 705 2487 745; x_wconf 89' lang='lat' dir='ltr'><strong>mores</strong></span> 
     </span>
     <span class='ocr_line' id='line_1_7' title="bbox 291 777 2489 855; baseline -0.003 -15"><span class='ocrx_word' id='word_1_49' title='bbox 291 781 668 852; x_wconf 84' lang='lat' dir='ltr'><strong>excultiores‚</strong></span> <span class='ocrx_word' id='word_1_50' title='bbox 699 778 935 839; x_wconf 88' lang='lat' dir='ltr'><strong>etiamsi</strong></span> <span class='ocrx_word' id='word_1_51' title='bbox 975 799 1099 837; x_wconf 89' lang='lat' dir='ltr'><strong>non</strong></span> <span class='ocrx_word' id='word_1_52' title='bbox 1141 778 1320 836; x_wconf 90' lang='lat' dir='ltr'><strong>modo</strong></span> <span class='ocrx_word' id='word_1_53' title='bbox 1369 777 1619 855; x_wconf 89' lang='lat' dir='ltr'><strong>ingenui</strong></span> <span class='ocrx_word' id='word_1_54' title='bbox 1662 777 1948 853; x_wconf 88' lang='lat' dir='ltr'><strong>quiddam</strong></span> <span class='ocrx_word' id='word_1_55' title='bbox 1990 778 2334 850; x_wconf 87' lang='lat' dir='ltr'><strong>extrudant,</strong></span> <span class='ocrx_word' id='word_1_56' title='bbox 2379 778 2489 834; x_wconf 90' lang='lat' dir='ltr'><strong>sed</strong></span> 
     </span>
     <span class='ocr_line' id='line_1_8' title="bbox 293 869 2487 947; baseline -0.003 -14"><span class='ocrx_word' id='word_1_57' title='bbox 293 875 475 934; x_wconf 89' lang='lat' dir='ltr'><strong>etiam</strong></span> <span class='ocrx_word' id='word_1_58' title='bbox 503 870 1035 933; x_wconf 81' lang='lat' dir='ltr'><strong>consuetudinibus</strong></span> <span class='ocrx_word' id='word_1_59' title='bbox 1063 871 1342 930; x_wconf 86' lang='lat' dir='ltr'><strong>humanis</strong></span> <span class='ocrx_word' id='word_1_60' title='bbox 1384 869 1585 928; x_wconf 89' lang='lat' dir='ltr'><strong>nescio</strong></span> <span class='ocrx_word' id='word_1_61' title='bbox 1626 869 1773 947; x_wconf 88' lang='lat' dir='ltr'><strong>quid</strong></span> <span class='ocrx_word' id='word_1_62' title='bbox 1811 869 1951 928; x_wconf 89' lang='lat' dir='ltr'><strong>duri</strong></span> <span class='ocrx_word' id='word_1_63' title='bbox 1994 870 2301 946; x_wconf 81' lang='lat' dir='ltr'><strong>crassique</strong></span> <span class='ocrx_word' id='word_1_64' title='bbox 2344 869 2487 928; x_wconf 89' lang='lat' dir='ltr'><strong>calli</strong></span> 
     </span>
     <span class='ocr_line' id='line_1_9' title="bbox 290 961 2488 1039; baseline -0.004 -14"><span class='ocrx_word' id='word_1_65' title='bbox 290 966 612 1035; x_wconf 85' lang='lat' dir='ltr'><strong>obducant,</strong></span> <span class='ocrx_word' id='word_1_66' title='bbox 658 962 1007 1023; x_wconf 85' lang='lat' dir='ltr'><strong>discrimina</strong></span> <span class='ocrx_word' id='word_1_67' title='bbox 1073 963 1286 1021; x_wconf 84' lang='lat' dir='ltr'><strong>saltem</strong></span> <span class='ocrx_word' id='word_1_68' title='bbox 1329 965 1783 1039; x_wconf 86' lang='lat' dir='ltr'><strong>peropportuna</strong></span> <span class='ocrx_word' id='word_1_69' title='bbox 1832 966 2191 1037; x_wconf 84' lang='lat' dir='ltr'><strong>apportent:</strong></span> <span class='ocrx_word' id='word_1_70' title='bbox 2259 961 2488 1038; x_wconf 87' lang='lat' dir='ltr'><strong>quibus</strong></span> 
     </span>
     <span class='ocr_line' id='line_1_10' title="bbox 291 1053 2489 1134; baseline -0.002 -17"><span class='ocrx_word' id='word_1_71' title='bbox 291 1053 416 1117; x_wconf 75' lang='lat' dir='ltr'><strong>non</strong></span> <span class='ocrx_word' id='word_1_72' title='bbox 444 1056 642 1116; x_wconf 83' lang='lat' dir='ltr'><strong>minus</strong></span> <span class='ocrx_word' id='word_1_73' title='bbox 670 1077 851 1133; x_wconf 90' lang='lat' dir='ltr'><strong>quam</strong></span> <span class='ocrx_word' id='word_1_74' title='bbox 876 1055 1024 1134; x_wconf 89' lang='lat' dir='ltr'><strong>ipsis</strong></span> <span class='ocrx_word' id='word_1_75' title='bbox 1051 1055 1382 1114; x_wconf 90' lang='lat' dir='ltr'><strong>commodis</strong></span> <span class='ocrx_word' id='word_1_76' title='bbox 1408 1054 1585 1112; x_wconf 84' lang='lat' dir='ltr'><strong>valde</strong></span> <span class='ocrx_word' id='word_1_77' title='bbox 1611 1073 1763 1131; x_wconf 91' lang='lat' dir='ltr'><strong>opus</strong></span> <span class='ocrx_word' id='word_1_78' title='bbox 1791 1054 1890 1126; x_wconf 89' lang='lat' dir='ltr'><strong>sit,</strong></span> <span class='ocrx_word' id='word_1_79' title='bbox 1910 1058 1983 1113; x_wconf 86' lang='lat' dir='ltr'><strong>ut</strong></span> <span class='ocrx_word' id='word_1_80' title='bbox 2002 1054 2197 1114; x_wconf 84' lang='lat' dir='ltr'><strong>virtus</strong></span> <span class='ocrx_word' id='word_1_81' title='bbox 2212 1054 2489 1112; x_wconf 87' lang='lat' dir='ltr'><strong>humana</strong></span> 
     </span>
     <span class='ocr_line' id='line_1_11' title="bbox 291 1143 1919 1210; baseline -0.005 0"><span class='ocrx_word' id='word_1_82' title='bbox 291 1149 568 1210; x_wconf 87' lang='lat' dir='ltr'><strong>omnibus</strong></span> <span class='ocrx_word' id='word_1_83' title='bbox 595 1148 861 1208; x_wconf 88' lang='lat' dir='ltr'><strong>numeris</strong></span> <span class='ocrx_word' id='word_1_84' title='bbox 887 1148 1164 1207; x_wconf 87' lang='lat' dir='ltr'><strong>absoluta</strong></span> <span class='ocrx_word' id='word_1_85' title='bbox 1188 1145 1561 1205; x_wconf 62' lang='lat' dir='ltr'><strong>evadat—I.</strong></span> <span class='ocrx_word' id='word_1_86' title='bbox 1593 1144 1668 1205; x_wconf 80' lang='lat' dir='ltr'><strong>G.</strong></span> <span class='ocrx_word' id='word_1_87' title='bbox 1700 1143 1919 1204; x_wconf 78' lang='lat' dir='ltr'><strong>Sfflm.</strong></span> 
     </span>
    </p>
   </div>
   <div class='ocr_carea' id='block_1_3' title="bbox 1135 1375 1643 1452">
    <p class='ocr_par' dir='ltr' id='par_1_3' title="bbox 1135 1375 1643 1452">
     <span class='ocr_line' id='line_1_12' title="bbox 1135 1375 1643 1452; baseline -0.002 -17"><span class='ocrx_word' id='word_1_88' title='bbox 1135 1376 1250 1435; x_wconf 91' lang='lat' dir='ltr'><strong>XI.</strong></span> <span class='ocrx_word' id='word_1_89' title='bbox 1338 1375 1414 1452; x_wconf 85' lang='lat' dir='ltr'><strong>(J</strong></span> <span class='ocrx_word' id='word_1_90' title='bbox 1415 1375 1643 1452; x_wconf 64' lang='lat' dir='ltr'><strong>umus)</strong></span> 
     </span>
    </p>
   </div>
   <div class='ocr_carea' id='block_1_4' title="bbox 287 1516 2488 2883">
    <p class='ocr_par' dir='ltr' id='par_1_4' title="bbox 287 1516 2488 2499">
     <span class='ocr_line' id='line_1_13' title="bbox 408 1516 2483 1597; baseline -0.003 -14"><span class='ocrx_word' id='word_1_91' title='bbox 408 1523 451 1583; x_wconf 86' lang='lat' dir='ltr'><strong>J</strong></span> <span class='ocrx_word' id='word_1_92' title='bbox 450 1542 547 1581; x_wconf 90' lang='lat' dir='ltr'><strong>am</strong></span> <span class='ocrx_word' id='word_1_93' title='bbox 586 1521 666 1580; x_wconf 91' lang='lat' dir='ltr'><strong>ad</strong></span> <span class='ocrx_word' id='word_1_94' title='bbox 705 1521 770 1580; x_wconf 91' lang='lat' dir='ltr'><strong>id</strong></span> <span class='ocrx_word' id='word_1_95' title='bbox 808 1519 1063 1597; x_wconf 90' lang='lat' dir='ltr'><strong>periculi</strong></span> <span class='ocrx_word' id='word_1_96' title='bbox 1100 1524 1352 1577; x_wconf 81' lang='lat' dir='ltr'><strong>ventum</strong></span> <span class='ocrx_word' id='word_1_97' title='bbox 1391 1524 1503 1590; x_wconf 86' lang='lat' dir='ltr'><strong>est,</strong></span> <span class='ocrx_word' id='word_1_98' title='bbox 1546 1536 1736 1596; x_wconf 89' lang='lat' dir='ltr'><strong>quum</strong></span> <span class='ocrx_word' id='word_1_99' title='bbox 1794 1516 2063 1576; x_wconf 84' lang='lat' dir='ltr'><strong>adulatio</strong></span> <span class='ocrx_word' id='word_1_100' title='bbox 2102 1516 2272 1596; x_wconf 55' lang='lat' dir='ltr'><strong>⁴nihil</strong></span> <span class='ocrx_word' id='word_1_101' title='bbox 2310 1523 2483 1596; x_wconf 85' lang='lat' dir='ltr'><strong>agat,</strong></span> 
     </span>
     <span class='ocr_line' id='line_1_14' title="bbox 288 1607 2488 1692; baseline -0.003 -18"><span class='ocrx_word' id='word_1_102' title='bbox 288 1635 485 1692; x_wconf 88' lang='lat' dir='ltr'><strong>neque</strong></span> <span class='ocrx_word' id='word_1_103' title='bbox 524 1613 692 1673; x_wconf 86' lang='lat' dir='ltr'><strong>falsis</strong></span> <span class='ocrx_word' id='word_1_104' title='bbox 730 1632 932 1671; x_wconf 89' lang='lat' dir='ltr'><strong>rerum</strong></span> <span class='ocrx_word' id='word_1_105' title='bbox 972 1611 1382 1688; x_wconf 84' lang='lat' dir='ltr'><strong>decipiamur:</strong></span> <span class='ocrx_word' id='word_1_106' title='bbox 1424 1630 1502 1668; x_wconf 91' lang='lat' dir='ltr'><strong>ne</strong></span> <span class='ocrx_word' id='word_1_107' title='bbox 1541 1610 1675 1687; x_wconf 90' lang='lat' dir='ltr'><strong>ipsa</strong></span> <span class='ocrx_word' id='word_1_108' title='bbox 1716 1609 1958 1687; x_wconf 88' lang='lat' dir='ltr'><strong>quidem</strong></span> <span class='ocrx_word' id='word_1_109' title='bbox 1999 1607 2323 1668; x_wconf 80' lang='lat' dir='ltr'><strong>credulitas</strong></span> <span class='ocrx_word' id='word_1_110' title='bbox 2364 1609 2488 1667; x_wconf 91' lang='lat' dir='ltr'><strong>sibi</strong></span> 
     </span>
     <span class='ocr_line' id='line_1_15' title="bbox 288 1701 2487 1786; baseline -0.004 -20"><span class='ocrx_word' id='word_1_111' title='bbox 288 1707 546 1786; x_wconf 86' lang='lat' dir='ltr'><strong>amplius</strong></span> <span class='ocrx_word' id='word_1_112' title='bbox 585 1704 778 1784; x_wconf 87' lang='lat' dir='ltr'><strong>possit</strong></span> <span class='ocrx_word' id='word_1_113' title='bbox 816 1704 1085 1763; x_wconf 90' lang='lat' dir='ltr'><strong>illudere.</strong></span> <span class='ocrx_word' id='word_1_114' title='bbox 1169 1702 1290 1760; x_wconf 84' lang='lat' dir='ltr'><strong>Fac</strong></span> <span class='ocrx_word' id='word_1_115' title='bbox 1329 1701 1601 1761; x_wconf 83' lang='lat' dir='ltr'><strong>venisse:</strong></span> <span class='ocrx_word' id='word_1_116' title='bbox 1652 1721 2057 1779; x_wconf 89' lang='lat' dir='ltr'><strong>proponamus</strong></span> <span class='ocrx_word' id='word_1_117' title='bbox 2094 1706 2237 1760; x_wconf 89' lang='lat' dir='ltr'><strong>ante</strong></span> <span class='ocrx_word' id='word_1_118' title='bbox 2277 1702 2487 1760; x_wconf 85' lang='lat' dir='ltr'><strong>oculos</strong></span> 
     </span>
     <span class='ocr_line' id='line_1_16' title="bbox 287 1791 2487 1876; baseline -0.003 -20"><span class='ocrx_word' id='word_1_119' title='bbox 287 1798 622 1876; x_wconf 90' lang='lat' dir='ltr'><strong>principem</strong></span> <span class='ocrx_word' id='word_1_120' title='bbox 646 1795 909 1873; x_wconf 87' lang='lat' dir='ltr'><strong>aliquem</strong></span> <span class='ocrx_word' id='word_1_121' title='bbox 936 1794 1144 1852; x_wconf 80' lang='lat' dir='ltr'><strong>mitem</strong></span> <span class='ocrx_word' id='word_1_122' title='bbox 1170 1799 1352 1870; x_wconf 86' lang='lat' dir='ltr'><strong>atque</strong></span> <span class='ocrx_word' id='word_1_123' title='bbox 1378 1793 1741 1851; x_wconf 83' lang='lat' dir='ltr'><strong>benevolum</strong></span> <span class='ocrx_word' id='word_1_124' title='bbox 1765 1816 1779 1864; x_wconf 91' lang='lat'>;</span> <span class='ocrx_word' id='word_1_125' title='bbox 1821 1791 1917 1852; x_wconf 85' lang='lat' dir='ltr'><strong>fac</strong></span> <span class='ocrx_word' id='word_1_126' title='bbox 1943 1812 2081 1850; x_wconf 87' lang='lat' dir='ltr'><strong>eum</strong></span> <span class='ocrx_word' id='word_1_127' title='bbox 2111 1792 2227 1851; x_wconf 83' lang='lat' dir='ltr'><strong>hoe</strong></span> <span class='ocrx_word' id='word_1_128' title='bbox 2253 1796 2487 1868; x_wconf 89' lang='lat' dir='ltr'><strong>puncto</strong></span> 
     </span>
     <span class='ocr_line' id='line_1_17' title="bbox 289 1880 2486 1966; baseline -0.003 -19"><span class='ocrx_word' id='word_1_129' title='bbox 289 1889 578 1966; x_wconf 85' lang='lat' dir='ltr'><strong>temporis</strong></span> <span class='ocrx_word' id='word_1_130' title='bbox 619 1892 680 1946; x_wconf 90' lang='lat' dir='ltr'><strong>et</strong></span> <span class='ocrx_word' id='word_1_131' title='bbox 719 1885 943 1946; x_wconf 86' lang='lat' dir='ltr'><strong>summi</strong></span> <span class='ocrx_word' id='word_1_132' title='bbox 983 1884 1145 1961; x_wconf 89' lang='lat' dir='ltr'><strong>quod</strong></span> <span class='ocrx_word' id='word_1_133' title='bbox 1183 1903 1329 1961; x_wconf 90' lang='lat' dir='ltr'><strong>erga</strong></span> <span class='ocrx_word' id='word_1_134' title='bbox 1367 1883 1663 1960; x_wconf 89' lang='lat' dir='ltr'><strong>populum</strong></span> <span class='ocrx_word' id='word_1_135' title='bbox 1698 1887 1981 1960; x_wconf 83' lang='lat' dir='ltr'><strong>praestare</strong></span> <span class='ocrx_word' id='word_1_136' title='bbox 2009 1882 2187 1940; x_wconf 89' lang='lat' dir='ltr'><strong>debet</strong></span> <span class='ocrx_word' id='word_1_137' title='bbox 2213 1880 2392 1940; x_wconf 77' lang='lat' dir='ltr'><strong>officii</strong></span> <span class='ocrx_word' id='word_1_138' title='bbox 2418 1888 2486 1941; x_wconf 85' lang='lat' dir='ltr'><strong>et</strong></span> 
     </span>
     <span class='ocr_line' id='line_1_18' title="bbox 288 1973 2485 2058; baseline -0.004 -17"><span class='ocrx_word' id='word_1_139' title='bbox 288 1999 522 2058; x_wconf 76' lang='lat' dir='ltr'><strong>magnae</strong></span> <span class='ocrx_word' id='word_1_140' title='bbox 576 1998 779 2037; x_wconf 90' lang='lat' dir='ltr'><strong>rerum</strong></span> <span class='ocrx_word' id='word_1_141' title='bbox 833 1996 1080 2036; x_wconf 86' lang='lat' dir='ltr'><strong>suarum</strong></span> <span class='ocrx_word' id='word_1_142' title='bbox 1131 1973 1395 2034; x_wconf 77' lang='lat' dir='ltr'><strong>infamiae</strong></span> <span class='ocrx_word' id='word_1_143' title='bbox 1446 1975 1674 2034; x_wconf 83' lang='lat' dir='ltr'><strong>factum</strong></span> <span class='ocrx_word' id='word_1_144' title='bbox 1730 1994 1860 2034; x_wconf 90' lang='lat' dir='ltr'><strong>esse</strong></span> <span class='ocrx_word' id='word_1_145' title='bbox 1914 1975 2259 2045; x_wconf 84' lang='lat' dir='ltr'><strong>conscium3</strong></span> <span class='ocrx_word' id='word_1_146' title='bbox 2318 1974 2485 2032; x_wconf 88' lang='lat' dir='ltr'><strong>hunc</strong></span> 
     </span>
     <span class='ocr_line' id='line_1_19' title="bbox 288 2065 2483 2147; baseline -0.003 -16"><span class='ocrx_word' id='word_1_147' title='bbox 288 2074 513 2131; x_wconf 84' lang='lat' dir='ltr'><strong>auxilia</strong></span> <span class='ocrx_word' id='word_1_148' title='bbox 539 2068 1138 2147; x_wconf 88' lang='lat' dir='ltr'><strong>circumspicientem,</strong></span> <span class='ocrx_word' id='word_1_149' title='bbox 1169 2066 1537 2127; x_wconf 82' lang='lat' dir='ltr'><strong>consiliarios</strong></span> <span class='ocrx_word' id='word_1_150' title='bbox 1580 2066 1657 2126; x_wconf 86' lang='lat' dir='ltr'><strong>ad</strong></span> <span class='ocrx_word' id='word_1_151' title='bbox 1698 2086 1761 2125; x_wconf 89' lang='lat' dir='ltr'><strong>se</strong></span> <span class='ocrx_word' id='word_1_152' title='bbox 1802 2072 2135 2139; x_wconf 84' lang='lat' dir='ltr'><strong>vocantem,</strong></span> <span class='ocrx_word' id='word_1_153' title='bbox 2167 2065 2321 2124; x_wconf 90' lang='lat' dir='ltr'><strong>nihil</strong></span> <span class='ocrx_word' id='word_1_154' title='bbox 2360 2067 2483 2125; x_wconf 91' lang='lat' dir='ltr'><strong>nisi</strong></span> 
     </span>
     <span class='ocr_line' id='line_1_20' title="bbox 289 2159 2482 2242; baseline -0.004 -17"><span class='ocrx_word' id='word_1_155' title='bbox 289 2166 473 2225; x_wconf 84' lang='lat' dir='ltr'><strong>saluti</strong></span> <span class='ocrx_word' id='word_1_156' title='bbox 522 2163 865 2242; x_wconf 81' lang='lat' dir='ltr'><strong>reipublicae</strong></span> <span class='ocrx_word' id='word_1_157' title='bbox 919 2162 1197 2238; x_wconf 83' lang='lat' dir='ltr'><strong>votisque</strong></span> <span class='ocrx_word' id='word_1_158' title='bbox 1252 2182 1503 2220; x_wconf 86' lang='lat' dir='ltr'><strong>suorum</strong></span> <span class='ocrx_word' id='word_1_159' title='bbox 1570 2161 1999 2220; x_wconf 84' lang='lat' dir='ltr'><strong>consulentem.</strong></span> <span class='ocrx_word' id='word_1_160' title='bbox 2111 2159 2306 2234; x_wconf 82' lang='lat' dir='ltr'><strong>Quem</strong></span> <span class='ocrx_word' id='word_1_161' title='bbox 2374 2161 2482 2218; x_wconf 88' lang='lat' dir='ltr'><strong>ubi</strong></span> 
     </span>
     <span class='ocr_line' id='line_1_21' title="bbox 287 2250 2477 2329; baseline -0.004 -14"><span class='ocrx_word' id='word_1_162' title='bbox 287 2276 491 2316; x_wconf 86' lang='lat' dir='ltr'><strong>rerum</strong></span> <span class='ocrx_word' id='word_1_163' title='bbox 519 2261 748 2313; x_wconf 85' lang='lat' dir='ltr'><strong>statum</strong></span> <span class='ocrx_word' id='word_1_164' title='bbox 765 2252 877 2311; x_wconf 87' lang='lat' dir='ltr'><strong>tibi</strong></span> <span class='ocrx_word' id='word_1_165' title='bbox 897 2250 1096 2309; x_wconf 90' lang='lat' dir='ltr'><strong>auimo</strong></span> <span class='ocrx_word' id='word_1_166' title='bbox 1119 2250 1381 2323; x_wconf 78' lang='lat' dir='ltr'><strong>finxeriS,</strong></span> <span class='ocrx_word' id='word_1_167' title='bbox 1406 2251 1594 2329; x_wconf 88' lang='lat' dir='ltr'><strong>digna</strong></span> <span class='ocrx_word' id='word_1_168' title='bbox 1620 2270 1764 2309; x_wconf 82' lang='lat' dir='ltr'><strong>sane</strong></span> <span class='ocrx_word' id='word_1_169' title='bbox 1790 2250 2187 2310; x_wconf 89' lang='lat' dir='ltr'><strong>admiratione</strong></span> <span class='ocrx_word' id='word_1_170' title='bbox 2214 2269 2313 2309; x_wconf 91' lang='lat' dir='ltr'><strong>res</strong></span> <span class='ocrx_word' id='word_1_171' title='bbox 2339 2250 2477 2321; x_wconf 84' lang='lat' dir='ltr'><strong>erit,</strong></span> 
     </span>
     <span class='ocr_line' id='line_1_22' title="bbox 289 2342 2478 2422; baseline -0.003 -15"><span class='ocrx_word' id='word_1_172' title='bbox 289 2350 343 2407; x_wconf 90' lang='lat' dir='ltr'><strong>si</strong></span> <span class='ocrx_word' id='word_1_173' title='bbox 389 2349 520 2407; x_wconf 85' lang='lat' dir='ltr'><strong>viro</strong></span> <span class='ocrx_word' id='word_1_174' title='bbox 561 2347 721 2406; x_wconf 89' lang='lat' dir='ltr'><strong>bono</strong></span> <span class='ocrx_word' id='word_1_175' title='bbox 763 2364 833 2404; x_wconf 81' lang='lat' dir='ltr'><strong>ac</strong></span> <span class='ocrx_word' id='word_1_176' title='bbox 877 2342 1135 2421; x_wconf 87' lang='lat' dir='ltr'><strong>simplici</strong></span> <span class='ocrx_word' id='word_1_177' title='bbox 1179 2343 1388 2401; x_wconf 84' lang='lat' dir='ltr'><strong>aditus</strong></span> <span class='ocrx_word' id='word_1_178' title='bbox 1433 2344 1512 2401; x_wconf 89' lang='lat' dir='ltr'><strong>ad</strong></span> <span class='ocrx_word' id='word_1_179' title='bbox 1553 2363 1761 2420; x_wconf 84' lang='lat' dir='ltr'><strong>regem</strong></span> <span class='ocrx_word' id='word_1_180' title='bbox 1800 2348 2027 2422; x_wconf 86' lang='lat' dir='ltr'><strong>pateat,</strong></span> <span class='ocrx_word' id='word_1_181' title='bbox 2070 2344 2292 2421; x_wconf 88' lang='lat' dir='ltr'><strong>quibus</strong></span> <span class='ocrx_word' id='word_1_182' title='bbox 2337 2362 2478 2405; x_wconf 88' lang='lat' dir='ltr'><strong>eum</strong></span> 
     </span>
     <span class='ocr_line' id='line_1_23' title="bbox 289 2434 1009 2499; baseline -0.008 -2"><span class='ocrx_word' id='word_1_183' title='bbox 289 2439 484 2499; x_wconf 90' lang='lat' dir='ltr'><strong>modis</strong></span> <span class='ocrx_word' id='word_1_184' title='bbox 511 2438 883 2497; x_wconf 88' lang='lat' dir='ltr'><strong>allocuturus</strong></span> <span class='ocrx_word' id='word_1_185' title='bbox 911 2434 1009 2494; x_wconf 89' lang='lat' dir='ltr'><strong>sit.</strong></span> 
     </span>
    </p>

    <p class='ocr_par' dir='ltr' id='par_1_5' title="bbox 289 2523 2479 2883">
     <span class='ocr_line' id='line_1_24' title="bbox 407 2523 2476 2607; baseline -0.003 -18"><span class='ocrx_word' id='word_1_186' title='bbox 407 2530 565 2589; x_wconf 86' lang='lat' dir='ltr'><strong>Nolo</strong></span> <span class='ocrx_word' id='word_1_187' title='bbox 591 2528 867 2607; x_wconf 88' lang='lat' dir='ltr'><strong>equidem</strong></span> <span class='ocrx_word' id='word_1_188' title='bbox 895 2544 990 2583; x_wconf 91' lang='lat' dir='ltr'><strong>me</strong></span> <span class='ocrx_word' id='word_1_189' title='bbox 1028 2525 1103 2582; x_wconf 90' lang='lat' dir='ltr'><strong>de</strong></span> <span class='ocrx_word' id='word_1_190' title='bbox 1141 2523 1541 2583; x_wconf 84' lang='lat' dir='ltr'><strong>oestimatione</strong></span> <span class='ocrx_word' id='word_1_191' title='bbox 1580 2525 1847 2583; x_wconf 89' lang='lat' dir='ltr'><strong>consulis</strong></span> <span class='ocrx_word' id='word_1_192' title='bbox 1892 2524 2219 2583; x_wconf 89' lang='lat' dir='ltr'><strong>sollicitum</strong></span> <span class='ocrx_word' id='word_1_193' title='bbox 2263 2524 2476 2584; x_wconf 84' lang='lat' dir='ltr'><strong>videri.</strong></span> 
     </span>
     <span class='ocr_line' id='line_1_25' title="bbox 294 2616 2479 2701; baseline -0.003 -19"><span class='ocrx_word' id='word_1_194' title='bbox 294 2623 486 2682; x_wconf 84' lang='lat' dir='ltr'><strong>Suum</strong></span> <span class='ocrx_word' id='word_1_195' title='bbox 511 2622 641 2701; x_wconf 87' lang='lat' dir='ltr'><strong>ipse</strong></span> <span class='ocrx_word' id='word_1_196' title='bbox 667 2618 978 2697; x_wconf 85' lang='lat' dir='ltr'><strong>negotium</strong></span> <span class='ocrx_word' id='word_1_197' title='bbox 1016 2616 1164 2693; x_wconf 90' lang='lat' dir='ltr'><strong>agit,</strong></span> <span class='ocrx_word' id='word_1_198' title='bbox 1193 2616 1258 2673; x_wconf 90' lang='lat' dir='ltr'><strong>in</strong></span> <span class='ocrx_word' id='word_1_199' title='bbox 1297 2636 1415 2693; x_wconf 87' lang='lat' dir='ltr'><strong>quo</strong></span> <span class='ocrx_word' id='word_1_200' title='bbox 1442 2637 1678 2675; x_wconf 87' lang='lat' dir='ltr'><strong>summa</strong></span> <span class='ocrx_word' id='word_1_201' title='bbox 1702 2617 1919 2675; x_wconf 84' lang='lat' dir='ltr'><strong>levitas</strong></span> <span class='ocrx_word' id='word_1_202' title='bbox 1945 2622 2009 2677; x_wconf 91' lang='lat' dir='ltr'><strong>et</strong></span> <span class='ocrx_word' id='word_1_203' title='bbox 2033 2617 2479 2694; x_wconf 87' lang='lat' dir='ltr'><strong>improbissima</strong></span> 
     </span>
     <span class='ocr_line' id='line_1_26' title="bbox 289 2707 2478 2786; baseline -0.004 -12"><span class='ocrx_word' id='word_1_204' title='bbox 289 2714 694 2774; x_wconf 83' lang='lat' dir='ltr'><strong>inconstantia</strong></span> <span class='ocrx_word' id='word_1_205' title='bbox 722 2711 882 2771; x_wconf 87' lang='lat' dir='ltr'><strong>haud</strong></span> <span class='ocrx_word' id='word_1_206' title='bbox 911 2710 1033 2767; x_wconf 89' lang='lat' dir='ltr'><strong>scio</strong></span> <span class='ocrx_word' id='word_1_207' title='bbox 1059 2728 1139 2765; x_wconf 87' lang='lat' dir='ltr'><strong>an</strong></span> <span class='ocrx_word' id='word_1_208' title='bbox 1167 2707 1663 2785; x_wconf 89' lang='lat' dir='ltr'><strong>reprehendenda</strong></span> <span class='ocrx_word' id='word_1_209' title='bbox 1700 2709 1797 2767; x_wconf 82' lang='lat' dir='ltr'><strong>sit.</strong></span> <span class='ocrx_word' id='word_1_210' title='bbox 1882 2709 2038 2769; x_wconf 85' lang='lat' dir='ltr'><strong>Cum</strong></span> <span class='ocrx_word' id='word_1_211' title='bbox 2067 2730 2209 2768; x_wconf 87' lang='lat' dir='ltr'><strong>vero</strong></span> <span class='ocrx_word' id='word_1_212' title='bbox 2236 2729 2340 2767; x_wconf 84' lang='lat' dir='ltr'><strong>rex</strong></span> <span class='ocrx_word' id='word_1_213' title='bbox 2371 2710 2478 2786; x_wconf 89' lang='lat' dir='ltr'><strong>qui</strong></span> 
     </span>
     <span class='ocr_line' id='line_1_27' title="bbox 289 2799 2478 2883; baseline -0.004 -19"><span class='ocrx_word' id='word_1_214' title='bbox 289 2806 631 2883; x_wconf 80' lang='lat' dir='ltr'><strong>reipublicoe</strong></span> <span class='ocrx_word' id='word_1_215' title='bbox 654 2820 974 2882; x_wconf 84' lang='lat' dir='ltr'><strong>personam</strong></span> <span class='ocrx_word' id='word_1_216' title='bbox 1002 2800 1279 2870; x_wconf 89' lang='lat' dir='ltr'><strong>sustinet,</strong></span> <span class='ocrx_word' id='word_1_217' title='bbox 1308 2799 1374 2856; x_wconf 92' lang='lat' dir='ltr'><strong>in</strong></span> <span class='ocrx_word' id='word_1_218' title='bbox 1401 2800 1597 2858; x_wconf 89' lang='lat' dir='ltr'><strong>lucem</strong></span> <span class='ocrx_word' id='word_1_219' title='bbox 1627 2804 1811 2876; x_wconf 88' lang='lat' dir='ltr'><strong>atque</strong></span> <span class='ocrx_word' id='word_1_220' title='bbox 1838 2800 1900 2857; x_wconf 89' lang='lat' dir='ltr'><strong>in</strong></span> <span class='ocrx_word' id='word_1_221' title='bbox 1929 2800 2136 2858; x_wconf 87' lang='lat' dir='ltr'><strong>oculos</strong></span> <span class='ocrx_word' id='word_1_222' title='bbox 2165 2800 2478 2859; x_wconf 90' lang='lat' dir='ltr'><strong>hominum</strong></span> 
     </span>
    </p>
   </div>
   <div class='ocr_carea' id='block_1_5' title="bbox 184 2890 2479 2975">
    <p class='ocr_par' dir='ltr' id='par_1_6' title="bbox 184 2890 2479 2975">
     <span class='ocr_line' id='line_1_28' title="bbox 184 2890 2479 2975; baseline -0.003 -19"><span class='ocrx_word' id='word_1_223' title='bbox 184 2900 188 2906; x_wconf 84' lang='grc'><em>’</em></span> <span class='ocrx_word' id='word_1_224' title='bbox 289 2896 511 2975; x_wconf 87' lang='lat' dir='ltr'><strong>prodit,</strong></span> <span class='ocrx_word' id='word_1_225' title='bbox 533 2893 821 2974; x_wconf 83' lang='lat' dir='ltr'><strong>dignitati</strong></span> <span class='ocrx_word' id='word_1_226' title='bbox 847 2893 978 2970; x_wconf 89' lang='lat' dir='ltr'><strong>ejus</strong></span> <span class='ocrx_word' id='word_1_227' title='bbox 1005 2890 1444 2949; x_wconf 89' lang='lat' dir='ltr'><strong>consulendum</strong></span> <span class='ocrx_word' id='word_1_228' title='bbox 1463 2896 1573 2949; x_wconf 89' lang='lat' dir='ltr'><strong>est.</strong></span> <span class='ocrx_word' id='word_1_229' title='bbox 1660 2890 1756 2949; x_wconf 86' lang='lat' dir='ltr'><strong>Sit</strong></span> <span class='ocrx_word' id='word_1_230' title='bbox 1784 2892 2017 2949; x_wconf 89' lang='lat' dir='ltr'><strong>occasio</strong></span> <span class='ocrx_word' id='word_1_231' title='bbox 2043 2890 2163 2951; x_wconf 87' lang='lat' dir='ltr'><strong>ista</strong></span> <span class='ocrx_word' id='word_1_232' title='bbox 2188 2890 2395 2969; x_wconf 84' lang='lat' dir='ltr'><strong>gravis</strong></span> <span class='ocrx_word' id='word_1_233' title='bbox 2414 2897 2479 2949; x_wconf 89' lang='lat' dir='ltr'><strong>et</strong></span> 
     </span>
    </p>
   </div>
   <div class='ocr_carea' id='block_1_6' title="bbox 289 2981 2475 3156">
    <p class='ocr_par' dir='ltr' id='par_1_7' title="bbox 289 2981 2475 3156">
     <span class='ocr_line' id='line_1_29' title="bbox 289 2981 2475 3064; baseline -0.004 -17"><span class='ocrx_word' id='word_1_234' title='bbox 289 2986 666 3064; x_wconf 85' lang='lat' dir='ltr'><strong>tempestiva,</strong></span> <span class='ocrx_word' id='word_1_235' title='bbox 695 2984 910 3043; x_wconf 86' lang='lat' dir='ltr'><strong>modus</strong></span> <span class='ocrx_word' id='word_1_236' title='bbox 937 2982 1157 3061; x_wconf 89' lang='lat' dir='ltr'><strong>agendi</strong></span> <span class='ocrx_word' id='word_1_237' title='bbox 1184 2983 1336 3041; x_wconf 90' lang='lat' dir='ltr'><strong>bene</strong></span> <span class='ocrx_word' id='word_1_238' title='bbox 1363 2982 1665 3061; x_wconf 74' lang='lat' dir='ltr'><strong>provisuS,</strong></span> <span class='ocrx_word' id='word_1_239' title='bbox 1695 3002 1790 3041; x_wconf 89' lang='lat' dir='ltr'><strong>res</strong></span> <span class='ocrx_word' id='word_1_240' title='bbox 1816 2983 1949 3060; x_wconf 88' lang='lat' dir='ltr'><strong>ipsa</strong></span> <span class='ocrx_word' id='word_1_241' title='bbox 1977 2981 2217 3042; x_wconf 82' lang='lat' dir='ltr'><strong>fortiter</strong></span> <span class='ocrx_word' id='word_1_242' title='bbox 2245 2990 2309 3042; x_wconf 88' lang='lat' dir='ltr'><strong>et</strong></span> <span class='ocrx_word' id='word_1_243' title='bbox 2334 3002 2475 3061; x_wconf 88' lang='lat' dir='ltr'><strong>pru-</strong></span> 
     </span>
     <span class='ocr_line' id='line_1_30' title="bbox 292 3080 793 3156; baseline -0.006 -18"><span class='ocrx_word' id='word_1_244' title='bbox 292 3080 505 3138; x_wconf 89' lang='lat' dir='ltr'><strong>denter</strong></span> <span class='ocrx_word' id='word_1_245' title='bbox 531 3081 793 3156; x_wconf 88' lang='lat' dir='ltr'><strong>peracta.</strong></span> 
     </span>
    </p>
   </div>
   <div class='ocr_carea' id='block_1_7' title="bbox 803 3303 1955 3380">
    <p class='ocr_par' dir='ltr' id='par_1_8' title="bbox 803 3303 1955 3380">
     <span class='ocr_line' id='line_1_31' title="bbox 803 3303 1955 3380; baseline -0.001 -16"><span class='ocrx_word' id='word_1_246' title='bbox 803 3304 950 3364; x_wconf 91' lang='lat' dir='ltr'>XII.</span> <span class='ocrx_word' id='word_1_247' title='bbox 1038 3303 1324 3380; x_wconf 74' lang='lat' dir='ltr'><strong>(GIBBON,</strong></span> <span class='ocrx_word' id='word_1_248' title='bbox 1354 3304 1591 3362; x_wconf 75' lang='lat' dir='ltr'><strong>Decline</strong></span> <span class='ocrx_word' id='word_1_249' title='bbox 1619 3304 1741 3362; x_wconf 79' lang='lat' dir='ltr'><strong>and</strong></span> <span class='ocrx_word' id='word_1_250' title='bbox 1767 3303 1955 3380; x_wconf 76' lang='lat' dir='ltr'><strong>Fan.)</strong></span> 
     </span>
    </p>
   </div>
   <div class='ocr_carea' id='block_1_8' title="bbox 285 3445 2484 3894">
    <p class='ocr_par' dir='ltr' id='par_1_9' title="bbox 285 3445 2484 3894">
     <span class='ocr_line' id='line_1_32' title="bbox 407 3445 2481 3528; baseline -0.004 -15"><span class='ocrx_word' id='word_1_251' title='bbox 407 3453 574 3513; x_wconf 88' lang='lat' dir='ltr'><strong>Urbs</strong></span> <span class='ocrx_word' id='word_1_252' title='bbox 598 3450 732 3528; x_wconf 88' lang='lat' dir='ltr'><strong>ipsa</strong></span> <span class='ocrx_word' id='word_1_253' title='bbox 755 3448 874 3508; x_wconf 90' lang='lat' dir='ltr'><strong>loci</strong></span> <span class='ocrx_word' id='word_1_254' title='bbox 899 3446 1119 3506; x_wconf 71' lang='lat' dir='ltr'><strong>natura</strong></span> <span class='ocrx_word' id='word_1_255' title='bbox 1158 3445 1385 3506; x_wconf 90' lang='lat' dir='ltr'><strong>crebris</strong></span> <span class='ocrx_word' id='word_1_256' title='bbox 1420 3446 1921 3506; x_wconf 85' lang='lat' dir='ltr'><strong>inundationibus</strong></span> <span class='ocrx_word' id='word_1_257' title='bbox 1960 3447 2235 3507; x_wconf 83' lang='lat' dir='ltr'><strong>obnoxia.</strong></span> <span class='ocrx_word' id='word_1_258' title='bbox 2318 3446 2379 3505; x_wconf 88' lang='lat' dir='ltr'>N</span> <span class='ocrx_word' id='word_1_259' title='bbox 2380 3467 2481 3505; x_wconf 87' lang='lat' dir='ltr'><strong>am</strong></span> 
     </span>
     <span class='ocr_line' id='line_1_33' title="bbox 287 3537 2484 3627; baseline -0.004 -21"><span class='ocrx_word' id='word_1_260' title='bbox 287 3553 507 3627; x_wconf 73' lang='lat' dir='ltr'><strong>praeter</strong></span> <span class='ocrx_word' id='word_1_261' title='bbox 556 3545 758 3623; x_wconf 91' lang='lat' dir='ltr'><strong>ipsum</strong></span> <span class='ocrx_word' id='word_1_262' title='bbox 811 3540 1077 3599; x_wconf 85' lang='lat' dir='ltr'><strong>Tiberim</strong></span> <span class='ocrx_word' id='word_1_263' title='bbox 1131 3537 1314 3597; x_wconf 88' lang='lat' dir='ltr'><strong>etiam</strong></span> <span class='ocrx_word' id='word_1_264' title='bbox 1369 3538 1490 3597; x_wconf 87' lang='lat' dir='ltr'><strong>alia</strong></span> <span class='ocrx_word' id='word_1_265' title='bbox 1531 3538 1763 3597; x_wconf 86' lang='lat' dir='ltr'><strong>fluenta</strong></span> <span class='ocrx_word' id='word_1_266' title='bbox 1810 3544 1956 3615; x_wconf 88' lang='lat' dir='ltr'><strong>quot</strong></span> <span class='ocrx_word' id='word_1_267' title='bbox 2003 3558 2113 3618; x_wconf 89' lang='lat' dir='ltr'><strong>per</strong></span> <span class='ocrx_word' id='word_1_268' title='bbox 2154 3546 2484 3616; x_wconf 86' lang='lat' dir='ltr'><strong>utrumque</strong></span> 
     </span>
     <span class='ocr_line' id='line_1_34' title="bbox 285 3630 2477 3711; baseline -0.004 -13"><span class='ocrx_word' id='word_1_269' title='bbox 285 3641 510 3698; x_wconf 89' lang='lat' dir='ltr'><strong>clivum</strong></span> <span class='ocrx_word' id='word_1_270' title='bbox 539 3634 794 3696; x_wconf 85' lang='lat' dir='ltr'><strong>effundit</strong></span> <span class='ocrx_word' id='word_1_271' title='bbox 820 3632 1197 3711; x_wconf 84' lang='lat' dir='ltr'><strong>Apenninus,</strong></span> <span class='ocrx_word' id='word_1_272' title='bbox 1228 3630 1400 3689; x_wconf 82' lang='lat' dir='ltr'><strong>brevi</strong></span> <span class='ocrx_word' id='word_1_273' title='bbox 1429 3632 1797 3708; x_wconf 90' lang='lat' dir='ltr'><strong>minimeque</strong></span> <span class='ocrx_word' id='word_1_274' title='bbox 1822 3632 2105 3709; x_wconf 79' lang='lat' dir='ltr'><strong>oequabili</strong></span> <span class='ocrx_word' id='word_1_275' title='bbox 2132 3652 2318 3693; x_wconf 86' lang='lat' dir='ltr'><strong>cursu</strong></span> <span class='ocrx_word' id='word_1_276' title='bbox 2358 3632 2477 3692; x_wconf 82' lang='lat' dir='ltr'><strong>fer-</strong></span> 
     </span>
     <span class='ocr_line' id='line_1_35' title="bbox 286 3724 2479 3804; baseline -0.004 -14"><span class='ocrx_word' id='word_1_277' title='bbox 286 3738 510 3803; x_wconf 83' lang='lat' dir='ltr'><strong>untur3</strong></span> <span class='ocrx_word' id='word_1_278' title='bbox 549 3728 735 3790; x_wconf 89' lang='lat' dir='ltr'><strong>debili</strong></span> <span class='ocrx_word' id='word_1_279' title='bbox 780 3746 892 3804; x_wconf 89' lang='lat' dir='ltr'><strong>per</strong></span> <span class='ocrx_word' id='word_1_280' title='bbox 938 3724 1166 3784; x_wconf 72' lang='lat' dir='ltr'><strong>aestatis</strong></span> <span class='ocrx_word' id='word_1_281' title='bbox 1213 3724 1497 3783; x_wconf 87' lang='lat' dir='ltr'><strong>ardorem</strong></span> <span class='ocrx_word' id='word_1_282' title='bbox 1542 3724 1811 3795; x_wconf 88' lang='lat' dir='ltr'><strong>flumine,</strong></span> <span class='ocrx_word' id='word_1_283' title='bbox 1852 3744 1996 3782; x_wconf 84' lang='lat' dir='ltr'><strong>mox</strong></span> <span class='ocrx_word' id='word_1_284' title='bbox 2038 3730 2221 3784; x_wconf 89' lang='lat' dir='ltr'><strong>aucta</strong></span> <span class='ocrx_word' id='word_1_285' title='bbox 2270 3724 2479 3783; x_wconf 84' lang='lat' dir='ltr'><strong>vernis</strong></span> 
     </span>
     <span class='ocr_line' id='line_1_36' title="bbox 287 3814 2475 3894; baseline -0.004 -11"><span class='ocrx_word' id='word_1_286' title='bbox 287 3822 628 3882; x_wconf 85' lang='lat' dir='ltr'><strong>hibernisve</strong></span> <span class='ocrx_word' id='word_1_287' title='bbox 675 3818 968 3880; x_wconf 86' lang='lat' dir='ltr'><strong>imbribus</strong></span> <span class='ocrx_word' id='word_1_288' title='bbox 1016 3822 1124 3876; x_wconf 87' lang='lat' dir='ltr'><strong>aut</strong></span> <span class='ocrx_word' id='word_1_289' title='bbox 1166 3816 1410 3875; x_wconf 84' lang='lat' dir='ltr'><strong>nivibus</strong></span> <span class='ocrx_word' id='word_1_290' title='bbox 1451 3814 1813 3893; x_wconf 87' lang='lat' dir='ltr'><strong>liquefactis,</strong></span> <span class='ocrx_word' id='word_1_291' title='bbox 1845 3815 2191 3877; x_wconf 85' lang='lat' dir='ltr'><strong>vehementi</strong></span> <span class='ocrx_word' id='word_1_292' title='bbox 2231 3816 2475 3894; x_wconf 83' lang='lat' dir='ltr'><strong>gurgite</strong></span> 
     </span>
    </p>
   </div>
  </div>
 </body>
</html>
