2744 4138
1242 159 1400 206 Pasti·
1442 160 1529 205 1v.
2396 145 2481 206 59

295 305 500 378 animi,
531 306 972 368 cruciabantur.
1056 307 1244 368 Porro
1285 313 1490 368 tamen
1530 308 1953 380 enitebantnr3
1995 312 2063 367 at
2100 327 2260 381 vero,
2292 327 2481 385 quum

294 418 365 468 eo
391 419 584 476 usque
611 401 914 477 progressi
943 405 1160 472 essent,
1189 401 1352 460 unde
1382 401 1807 479 conspicienda
1839 400 2053 460 fuisset
2079 419 2151 460 ea
2175 421 2373 478 rupee,
2402 421 2483 462 ex

293 489 482 548 oculis
521 489 648 567 jam
693 491 936 549 omnino
989 495 1332 550 recesserat.
1441 491 1611 552 Inter
1650 491 1811 550 mille
1850 491 2217 550 albescentes
2257 491 2483 552 fluctus

294 586 629 641 evanuerat
653 581 868 642 salutis
892 582 1204 655 indicium,
1233 582 1341 660 qui
1367 583 1583 642 ultimo
1611 583 2021 662 promontorio
2047 583 2210 655 illisi,
2238 583 2479 660 nigram

292 673 621 751 praecipitis
646 675 913 735 frontem
938 675 1166 752 spumis
1193 675 1561 752 ingentibuS,
1579 677 1738 736 nivis
1754 675 1898 748 ritu,
1913 675 2057 734 mali
2081 675 2255 735 navis
2282 675 2483 755 longoe

292 763 489 824 instar
511 765 876 842 altitudinis,
905 767 1502 828 verberabant—W.

1308 1008 1451 1068 XX.

414 1161 626 1222 Oratio
652 1167 870 1236 autem,
903 1164 1061 1223 sicut
1087 1165 1207 1223 alia
1233 1165 1453 1238 omnia,
1474 1163 1723 1224 colendo
1750 1163 2125 1242 provehitur,
2154 1184 2189 1224 e
2215 1163 2386 1223 cultu
2411 1163 2481 1222 in

292 1255 513 1314 vitium
560 1255 852 1315 desciscit.
934 1257 1148 1334 Neque
1191 1257 1420 1334 dispari
1466 1277 1611 1315 sane
1652 1256 1894 1316 fortuna
1940 1255 2238 1334 Anglicus
2282 1277 2479 1316 sermo

291 1354 474 1423 atque
502 1347 682 1406 ceteri
718 1367 866 1406 usus
905 1367 1035 1406 esse
1074 1348 1370 1407 videatur.
1455 1349 1731 1407 Priscum
1757 1348 1907 1407 illud
1934 1368 2004 1406 ac
2030 1357 2211 1406 tenne
2240 1349 2478 1407 dicendi

291 1455 486 1516 genus
515 1437 785 1498 barbaris
811 1440 1010 1498 adhuc
1037 1440 1262 1499 nostris
1297 1441 1591 1502 usitatum
1630 1459 1875 1518 prorsus
1915 1442 2302 1518 ignoramus:
2343 1442 2476 1518 ejus

289 1538 498 1590 antem
537 1532 734 1590 aetatis
776 1551 964 1608 quum
1005 1531 1267 1609 primum
1307 1533 1385 1590 ad
1424 1533 1776 1610 religionem
1816 1553 2081 1609 ususque
2129 1533 2335 1592 civiles
2378 1552 2477 1591 ac·

290 1623 662 1681 commodari
689 1625 892 1700 coepit,
923 1625 1282 1701 exemplaria
1312 1630 1473 1693 sunt,
1503 1624 1678 1682 rudia
1703 1624 1949 1700 quidem
1976 1625 2097 1694 illa,
2126 1627 2198 1681 ut
2219 1625 2306 1696 fit,
2336 1624 2475 1683 sim-

289 1713 609 1792 pliciaque,
634 1735 794 1772 nexu
823 1715 1022 1774 soluta
1041 1729 1104 1774 et
1124 1715 1409 1791 abrupta:
1440 1715 1664 1793 quippe
1685 1714 2095 1792 scriptoribus,
2124 1720 2294 1790 put0,
2322 1714 2479 1773 nihil

289 1806 458 1864 aliud
487 1806 808 1882 agentibus
831 1827 1012 1882 quam
1033 1811 1105 1864 ut
1131 1806 1394 1884 intelligi
1414 1810 1677 1885 possent,
1699 1826 1894 1882 neque
1915 1804 2129 1883 saepius
2148 1806 2478 1882 voluptatis
2591 1807 2594 1812 ‘

288 1897 532 1956 laudem
550 1900 954 1978 captantibus,
1032 1899 1163 1959 -Sed
1190 1899 1459 1958 carmina
1485 1919 1711 1972 eorum,
1732 1905 1802 1958 ut
1830 1919 1965 1977 quae
1990 1899 2297 1957 memoriae
2326 1918 2475 1976 prae-

290 1989 467 2067 cipue
493 1991 874 2059 inservirent,
903 1991 1056 2050 nihil
1083 1991 1208 2050 fere
1235 2011 1272 2049 a
1299 2010 1571 2050 sermone
1598 1991 1864 2068 pedestri
1892 1991 2328 2068 discrepabant,
2359 1989 2476 2048 nisi

289 2081 456 2159 quod
483 2104 733 2143 numero
750 2084 1121 2162 pedibusque
1137 2083 1683 2161 distinguebantur.
1768 2082 1851 2141 Et
1878 2084 2101 2141 mansit
2126 2082 2375 2160 perinde
2406 2103 2478 2143 ea

289 2174 448 2233 ratio
500 2176 684 2253 patrii
727 2176 1313 2235 sermonis—saltem
1359 2175 1589 2253 aliquid
1632 2176 1775 2233 hinc
1816 2175 1957 2235 inde
1999 2175 2249 2247 variata,
2294 2180 2478 2254 prout

290 2268 450 2325 alius
477 2270 554 2325 ab
581 2269 700 2327 alio
729 2273 838 2327 aut
865 2268 1111 2329 consilio
1139 2274 1248 2327 aut
1274 2267 1475 2327 indole
1502 2268 1859 2327 differebant
1886 2267 2479 2345 scriptores—usque

291 2359 373 2418 ad
418 2358 574 2419 Gori
601 2366 860 2433 aetatem,
892 2381 1068 2437 quem
1097 2362 1452 2439 magistrum
1485 2380 1663 2419 suum
1691 2360 2035 2419 Chaucerus
2061 2359 2341 2437 appellat,
2369 2358 2477 2436 qui

290 2452 470 2525 idem,
521 2454 796 2530 quamvis
851 2453 1136 2531 discipuli
1186 2454 1475 2531 magister
1527 2450 1687 2510 fama
1729 2453 2084 2511 obscuratus
2127 2452 2226 2524 sit,
2273 2456 2478 2509 tamen

290 2544 447 2616 ἰᾶθο,
477 2566 670 2622 neque
698 2545 938 2623 injuria,
969 2546 1207 2604 laudem
1234 2551 1414 2605 antea
1438 2551 1722 2623 negatam
1749 2564 2032 2622 arrogare
2061 2544 2175 2601 sibi
2213 2543 2475 2615 videtur,

292 2637 455 2713 quod
493 2638 722 2713 primus
759 2639 1032 2697 omnium
1059 2638 1485 2697 demonstrarit
1510 2637 1637 2696 suis
1663 2637 1861 2715 majus
1888 2636 2113 2712 aliquid
2142 2654 2271 2693 esse
2298 2654 2477 2713 appe-

290 2730 580 2802 tendum3
621 2748 795 2808 posse
821 2728 1080 2807 denique
1107 2749 1351 2789 versum
1379 2730 1443 2788 in
1468 2730 1769 2807 poeticam
1796 2728 2126 2806 Anglicum
2153 2727 2371 2786 attolli.

1887 2820 1945 2878 J.
1986 2820 2062 2878 Y.
2107 2819 2398 2879 Sauum.

1080 3000 1254 3059 XXI.
1344 3000 1686 3077 (Horum.)

409 3156 556 3217 Dies
585 3161 715 3217 erat
741 3176 864 3234 quo
891 3155 1304 3215 inferebantur
1329 3156 1569 3215 tumulo
1595 3156 1865 3234 reliquiae
1890 3156 2055 3217 illius
2085 3157 2193 3235 qui
2232 3156 2476 3217 Protec-

288 3249 440 3309 toris
487 3270 707 3309 nomen
753 3252 1168 3327 occupaverat.
1278 3248 1399 3319 Me,
1450 3250 1727 3325 quamvis
1775 3269 1971 3326 neque
2017 3249 2139 3309 viri
2179 3248 2479 3309 memoriae

289 3362 487 3420 neque
555 3360 817 3419 operosae
871 3340 1250 3418 publicarum
1303 3341 1757 3401 sollennitatum
1809 3342 2099 3401 vanitatis
2152 3342 2477 3400 admodum

291 3434 650 3507 studiosum,
674 3433 991 3510 perpulere
1013 3436 1217 3491 tamen
1235 3434 1532 3492 sociorum
1560 3453 1765 3510 preces
1793 3440 1865 3492 ut
1891 3454 2029 3492 cum
2047 3434 2123 3493 iis
2142 3437 2478 3511 spectarem

214 3590 238 3611 ·
290 3545 572 3604 pompam
618 3527 799 3597 illam,
831 3545 969 3603 quae
992 3530 1120 3585 tam
1147 3524 1385 3603 cupide,
1402 3526 1762 3603 jamdudum
1802 3525 2002 3583 fuerat
2041 3528 2375 3603 expectata,
2404 3530 2485 3583 ut

289 3618 567 3676 nonnulli
593 3618 962 3689 curiosiores,
991 3637 1190 3675 rerum
1221 3617 1659 3694 exquisitarum
1686 3617 1963 3689 studiosi,
1990 3637 2183 3694 usque
2208 3636 2247 3675 a
2271 3623 2477 3679 monte

289 3710 450 3787 apud
481 3709 816 3770 Cornubios
843 3713 906 3769 et
945 3709 1026 3767 ab
1065 3708 1400 3769 orcadibus
1425 3709 1641 3768 insulis
1670 3708 1905 3769 visendi
1942 3709 2125 3768 causa
2162 3709 2229 3769 in
2266 3710 2478 3769 urbem

289 3802 594 3880 progressi
646 3805 863 3861 essent.
973 3800 1260 3862 Intellexi
1309 3801 1504 3863 multo
1570 3800 1710 3879 plus
1776 3802 1844 3859 in
1909 3800 2097 3860 funus
2165 3807 2487 3882 erogatum³
