2744 4138
1236 175 1390 220 rim*
1435 174 1482 219 1.
2369 154 2453 217 13

265 323 604 387 omittenda
629 326 816 394 erant,
835 327 943 383 aut
964 328 1178 382 contra
1205 323 1500 383 enitentes
1519 323 1747 382 vortice
1773 321 1989 380 intorti
2012 319 2453 398 affligebantur,

264 417 624 478 constitere:
670 415 826 482 dein,
855 435 1041 491 quum
1067 415 1191 493 jam
1221 415 1504 493 spiritum
1550 414 1908 484 includeret,
1932 432 2043 472 nec
2086 412 2456 490 reciprocare

265 510 532 571 animam
573 507 812 576 sineret,
841 507 1037 566 aversi
1063 528 1101 566 a
1126 513 1308 566 vento
1348 526 1677 585 parumper
1703 501 2043 564 consedere.
2126 504 2285 564 Tum
2312 526 2457 564 vero

267 600 502 680 ingenti
530 618 678 658 sono
720 599 934 657 caelum
975 602 1258 677 strepere,
1287 605 1350 657 et
1393 599 1552 658 inter
1585 598 1915 656 horrendos
1940 596 2208 673 fragores
2235 596 2457 654 micare

269 693 480 772 ignes:
524 691 687 769 capti
725 690 972 748 auribus
1012 694 1075 748 et
1122 690 1311 748 oculis
1354 694 1523 748 metu
1564 708 1780 747 omnes
1830 695 2085 765 torpere.
2169 687 2456 757 Tandem,

270 785 460 842 effuso
485 783 696 853 imbre,
726 801 914 858 quum
940 801 1010 840 eo
1031 781 1222 858 magis
1245 801 1496 840 accensa
1517 781 1609 839 vis
1629 781 1799 839 venti
1826 786 2001 851 esset,
2026 780 2157 856 ipso
2191 779 2314 853 illo,
2336 799 2459 858 quo

273 874 636 954 deprehensi
683 879 872 946 erant,
903 874 1034 932 loco
1061 878 1261 932 castra
1286 894 1507 952 ponere
1535 872 1940 932 necessarium
1968 871 2161 931 visum
2190 875 2301 932 est.
2384 871 2461 930 Id

272 988 420 1026 vero
446 967 668 1026 laboris
695 966 863 1025 velut
903 965 976 1024 de
1015 966 1252 1044 integro
1291 966 1537 1025 initium
1576 966 1715 1025 fuit.
1797 966 1960 1024 Nam
2007 985 2117 1025 nec
2158 965 2462 1044 explicare

273 1059 606 1136 quidquam
658 1078 770 1116 nec
823 1061 1090 1116 statuere
1143 1062 1458 1134 poterant3
1526 1077 1655 1129 nec,
1716 1057 1875 1134 quod
1932 1061 2230 1116 statutum
2284 1061 2459 1128 esset,

275 1150 576 1221 manebat,
617 1147 818 1206 omnia
869 1146 1289 1225 perscindente
1330 1153 1515 1207 vento
1555 1152 1616 1208 et
1655 1148 1967 1227 rapiente:
2024 1153 2086 1206 et
2127 1167 2267 1205 mox
2306 1165 2465 1224 aqua

274 1242 476 1300 levata
509 1244 710 1311 vent0,
753 1259 942 1316 quum
980 1259 1162 1316 super
1196 1240 1398 1316 gelida
1434 1241 1729 1298 montium
1764 1241 1919 1317 juga
1961 1243 2240 1298 concreta
2285 1243 2462 1312 esset,

274 1339 519 1392 tantum
558 1333 782 1391 nivosae
821 1330 1134 1409 grandinis
1176 1333 1416 1410 dejecit,
1445 1338 1534 1405 ut,
1570 1333 1847 1391 omnibus
1888 1331 2144 1394 omissis,
2184 1351 2463 1409 procum·-

277 1429 492 1486 berent
556 1425 844 1497 homineS,
901 1425 1269 1501 tegminibus
1337 1425 1461 1484 suis
1530 1425 1721 1502 magis
1788 1423 1996 1484 obruti
2062 1443 2245 1501 quam
2298 1423 2463 1482 tecti.

279 1518 597 1594 Tantaque
625 1517 718 1576 vis
743 1515 989 1590 frigoris
1015 1517 1289 1576 insecuta
1315 1530 1429 1589 est,
1454 1522 1541 1589 ut,
1566 1538 1643 1576 ex
1670 1517 1774 1575 illa
1800 1517 2127 1575 miserabili
2154 1515 2469 1574 hominum

169 1642 176 1648 ·
272 1611 803 1688 jumentorumque
831 1614 1034 1684 strage
1063 1629 1249 1685 quum
1279 1628 1342 1667 se
1364 1610 1621 1686 quisque
1642 1609 1919 1668 attollere
1946 1628 2017 1666 ac
2044 1610 2246 1668 levare
2262 1609 2466 1680 vellet,

277 1704 384 1761 diu
424 1702 717 1779 nequiret,
760 1701 904 1778 quia
942 1702 1324 1778 torpentibus
1363 1702 1567 1779 rigore
1608 1701 1829 1773 nervis,
1871 1700 1979 1760 vix
2018 1700 2258 1760 flectere
2297 1705 2471 1760 artus

279 1793 831 1874 poterant—Llw,
861 1810 980 1852 ΠΙ.
1013 1792 1107 1852 58.

1308 2023 1455 2084 XX.

404 2171 613 2230 Romae
641 2169 877 2230 senatui
901 2169 1260 2247 populoque,
1289 2176 1433 2248 post
1471 2173 1770 2247 receptam
1816 2170 2101 2248 Capuam,
2129 2189 2253 2229 non
2278 2169 2474 2231 {taline

278 2264 410 2342 jam
449 2264 658 2340 major,
701 2281 882 2339 quam
923 2261 1252 2338 Hispaniae,
1284 2280 1430 2319 cura
1470 2265 1638 2333 erat3
1680 2266 1743 2320 et
1786 2262 2121 2321 exercitum
2160 2260 2373 2341 augeri
2412 2266 2476 2319 et

286 2357 708 2433 imperatorem
747 2354 912 2411 mitti
950 2354 1242 2432 placebat.
1325 2352 1457 2411 Nec
1494 2358 1715 2426 tamen,
1748 2374 1926 2430 quem
1965 2355 2299 2422 mitterent,
2328 2352 2478 2413 satis
2566 2365 2569 2368 “

285 2447 617 2517 constabat,
649 2465 830 2523 quam
857 2445 1026 2517 illud,
1057 2446 1162 2504 ubi
1187 2446 1308 2504 duo
1337 2446 1561 2504 summi
1600 2445 1994 2523 imperatores
2021 2447 2187 2505 intra
2212 2446 2340 2505 dies
2368 2445 2475 2502 tri·

285 2540 457 2618 ginta
482 2537 858 2609 cecidissent,
889 2537 993 2613 qui
1018 2538 1086 2595 in
1117 2538 1317 2595 locum
1357 2556 1565 2595 eorum
1607 2526 1973 2610 succederet,
2003 2536 2479 2596 extraordinaria

285 2632 430 2689 cura
458 2628 841 2708 deligendum
869 2648 1016 2687 esse.
1099 2628 1300 2701 Quum
1327 2630 1430 2686 alii
1456 2628 1639 2686 alium
1674 2629 2075 2701 nominarent,
2106 2634 2479 2705 postremum

287 2744 357 2782 eo
399 2722 721 2781 decursum
761 2725 870 2792 est,
911 2725 980 2778 ut
1020 2720 1277 2797 populus
1323 2720 1670 2798 proconsuli
1715 2720 1971 2778 creando
2011 2720 2074 2777 in
2117 2719 2480 2797 Hispaniam

288 2815 534 2875 comitia
585 2813 853 2883 haberet,
896 2812 1174 2889 diemque
1221 2812 1485 2871 comitiis
1529 2813 1805 2871 consules
1852 2812 2189 2871 edixerunt.
2272 2812 2481 2872 Primo

287 2910 774 2983 expectaverant,
803 2909 891 2973 ut,
923 2903 1028 2981 qui
1059 2923 1122 2961 se
1147 2908 1321 2962 tanto
1349 2903 1603 2983 imperio
1629 2906 1848 2981 dignos
1876 2906 2205 2977 crederent,
2234 2904 2482 2963 nomina

287 2997 732 3075 profiterentur.
820 2994 968 3069 Qum
1014 3000 1086 3053 ut
1137 2996 1433 3053 destituta
1486 2996 1824 3071 expectatio
1878 3000 1988 3069 est,
2029 2996 2481 3075 redintegratus

289 3090 494 3149 luctus
546 3094 808 3165 acceptae
847 3087 1054 3159 cladis,
1101 3087 1584 3164 desideriumque
1627 3088 2063 3165 imperatorum
2106 3091 2479 3150 amissorum.

291 3182 505 3241 Maesta
547 3182 756 3257 itaque
809 3180 1044 3252 civitas,
1090 3199 1276 3257 prope
1321 3180 1497 3256 inops
1545 3181 1797 3251 consilii,
1850 3182 2232 3241 comitiorum
2279 3183 2377 3243 die
2417 3184 2483 3241 in

289 3293 572 3352 campum
613 3272 955 3331 descendit:
1015 3277 1195 3349 atque
1234 3271 1304 3331 ‘in
1343 3272 1736 3349 magistratus
1776 3274 1936 3331 versi
1978 3275 2483 3353 circumspectant

289 3385 395 3424 ora
421 3364 782 3444 principum,
812 3365 1068 3422 aliorum
1108 3364 1257 3423 alios
1296 3364 1687 3437 intuentium,
1730 3365 2117 3443 fremuntque
2158 3367 2309 3426 adeo
2347 3388 2482 3446 per-

289 3456 466 3517 ditas‘
490 3478 589 3515 res
634 3458 1138 3533 desperatumque
1179 3456 1254 3514 de
1294 3457 1599 3535 republica
1639 3478 1787 3530 esse,
1831 3464 1902 3516 ut
1942 3480 2119 3519 nemo
2159 3460 2378 3519 audeat
2417 3461 2483 3519 in

289 3550 650 3626 Hispaniam
689 3548 1008 3625 imperium
1036 3548 1340 3626 accipere:
1385 3569 1575 3625 quum
1603 3551 1802 3608 subito
1833 3551 1901 3609 P.
1936 3550 2269 3624 Cornelius,
2299 3554 2484 3625 illiue,

289 3642 397 3718 qui
436 3642 503 3699 in
531 3640 830 3716 Hispania
855 3639 1169 3710 ceciderat,
1200 3639 1378 3710 filius,
1409 3644 1669 3715 quatuor
1709 3646 1771 3699 et
1799 3641 2025 3718 viginti
2064 3642 2253 3701 ferme
2292 3663 2485 3702 annos

289 3738 486 3803 natus,
534 3730 842 3809 professus
891 3751 954 3789 se
1003 3734 1223 3807 petere,
1261 3729 1328 3787 in
1371 3730 1697 3807 superiore,
1742 3731 1903 3788 unde
1952 3733 2220 3812 conspici
2259 3742 2482 3812 posset,

295 3827 427 3883 loeo
468 3824 760 3883 constitit.
843 3823 920 3881 In
960 3842 1138 3900 quem
1181 3828 1502 3900 postquam
1542 3823 1810 3881 omnium
1852 3844 1957 3882 ora
1997 3845 2283 3885 conversa
2323 3836 2484 3902 sunt,
