2744 4138
322 117 407 176 34
936 131 1063 176 nr
1109 133 1185 178 ro
1228 132 1354 177 mu
1399 131 1586 176 num
1631 130 1912 175 mannan.

324 279 590 341 centium
637 279 981 358 respiceret.
1080 279 1277 354 Quam
1318 280 1480 338 enim
1522 279 1946 338 auctoritatem
1999 279 2389 357 optimatium
2431 280 2526 340 ita

323 377 588 432 tractare
614 373 950 450 oportebat,
980 377 1051 431 ut
1079 373 1133 432 si
1161 373 1309 450 quid
1348 369 1572 430 inesset
1599 372 1744 430 mali
1782 371 2064 444 molliret,
2095 371 2147 430 si
2176 373 2326 448 quid
2353 374 2528 446 boni,

324 465 583 537 eliceret,
602 465 856 524 eandem
882 465 960 523 ad
980 464 1357 524 atrocissima
1379 485 1633 542 qnaeque
1653 483 1964 541 nunquam
1988 484 2111 524 non
2134 467 2529 541 provocando

327 557 717 617 stimulabat:
788 557 876 614 ita
929 557 1161 635 optimo
1202 557 1452 634 quidem
1499 562 1677 615 utens
1728 556 1934 616 animo
1973 576 2130 634 saepe
2177 557 2532 634 reipublicae

327 648 539 708 defuit.
623 649 722 710 Ita
748 668 813 710 se
841 649 1194 726 plerumque
1220 649 1484 726 gerebat.
1558 647 1812 707 Constat
1836 654 2042 708 tamen
2063 668 2138 706 ex
2159 649 2532 724 quibusdam

328 741 525 813 rebnS,
550 760 805 819 quarum
834 760 1020 818 supra
1043 739 1413 798 mentionem
1434 739 1710 810 fecimus,
1733 760 1858 798 non
1885 760 2121 818 semper
2145 741 2531 819 inexpugna-

330 833 512 891 bilem
553 832 740 890 fuisse
780 831 967 889 animi
1010 829 1430 901 constantiam,
1475 831 1584 890 sed
1629 830 1832 890 aditus
1879 831 2173 908 quosdam
2209 833 2534 908 superbiae,

332 929 523 996 lamus,
568 925 772 984 studio
812 925 1077 1002 partium
1118 925 1480 1001 praebuisse:
1537 943 1718 1001 quem
1751 923 1804 982 si
1847 925 1982 1001 quis
2019 926 2536 985 assentationibus

332 1018 714 1096 aliquatenus
733 1021 998 1076 tractare
1024 1015 1225 1088 vellet,
1250 1037 1289 1076 a
1316 1015 1510 1076 solida
1533 1016 1685 1076 recti
1711 1021 1774 1075 et
1794 1016 1922 1075 veri
1948 1015 2161 1076 norma
2185 1017 2366 1076 facile
2392 1023 2537 1078 erat

333 1111 722 1168 deducturus.
806 1109 953 1182 Quae
991 1109 1321 1168 novissima
1346 1110 1476 1186 egit
1513 1114 1579 1168 et
1601 1108 1846 1186 ingenio
1872 1113 1936 1167 et
1975 1115 2152 1169 sectae
2180 1110 2358 1170 valde
2386 1131 2536 1170 con-

334 1202 671 1280 gruebant:
715 1207 1031 1278 postquam
1060 1200 1219 1260 enim
1247 1201 1299 1260 is
1326 1221 1456 1259 esse
1484 1200 1590 1277 qui
1617 1201 1822 1260 fuerat
1841 1221 1961 1260 non
1980 1202 2112 1278 jam
2138 1206 2396 1278 poterat,
2419 1210 2540 1262 ant

336 1292 511 1352 malis
538 1293 679 1351 vitae
720 1294 880 1353 bona
919 1293 1464 1370 compensabantur
1511 1292 1721 1369 [quam
1761 1292 1867 1352 isti
1895 1292 2140 1370 quidem
2182 1294 2536 1372 philosophi

336 1385 486 1444 satis
504 1385 737 1463 justam
771 1383 1065 1444 moriendi
1090 1403 1361 1444 caussam
1391 1403 1521 1444 esse
1547 1383 1925 1462 voluerunt],
1955 1390 2207 1444 mortem
2234 1386 2354 1444 sibi
2387 1406 2536 1446 eon-

334 1477 532 1549 scivit,
562 1497 633 1536 eo
658 1476 879 1551 animo,
908 1477 979 1536 ea
1016 1475 1359 1536 constantia
1387 1496 1550 1546 usus,
1579 1481 1650 1536 nt
1690 1477 2064 1536 occasionem
2105 1478 2220 1536 sibi
2245 1481 2536 1537 conveni-

335 1575 508 1629 enter
525 1568 819 1628 moriendi
835 1567 1249 1628 lubentissime
1270 1574 1516 1627 nactum
1541 1587 1672 1626 esse
1693 1568 2038 1628 credideris.
2103 1569 2263 1642 Quid
2283 1569 2482 1628 multa
2503 1568 2535 1628 i>

338 1663 401 1720 Is
444 1667 577 1721 erat
629 1681 809 1739 quem
856 1659 1173 1720 admireris
1219 1661 1425 1739 potius
1468 1679 1651 1738 qnam
1697 1681 1881 1732 ames,
1927 1680 2110 1737 quem
2157 1660 2538 1720 laudandum

335 1757 540 1833 potius
594 1774 777 1833 quam
830 1754 1103 1834 exemplo
1169 1753 1644 1833 praeponendum
1710 1754 1873 1813 haud
1927 1754 2011 1832 inj
2019 1753 2151 1812 uria
2202 1754 2538 1814 dixeris.—

336 1848 410 1906 R.
446 1848 762 1907 Sumam.

1339 2063 1516 2125 XIV.

456 2218 691 2279 Deinde
730 2217 783 2276 it
810 2217 1008 2277 visum
1046 2218 1386 2295 Imperator
1424 2218 1625 2277 locum
1652 2217 1718 2276 in
1742 2237 1867 2295 quo
1907 2223 2252 2295 pugnatum
2293 2225 2420 2279 est:
2462 2219 2535 2278 id

336 2332 479 2373 vero
490 2312 905 2391 spectaculum
914 2310 1179 2369 occurrit
1194 2309 1573 2369 teterrimum
1584 2310 1673 2369 ita
1688 2316 1759 2367 nt
1779 2311 2016 2368 nullum
2033 2311 2248 2388 magis.
2293 2310 2536 2371 Cuncta

334 2405 499 2464 enim
554 2404 685 2463 visa
736 2402 1007 2479 undique
1045 2402 1348 2479 augebant
1400 2402 1841 2461 immanitatem
1893 2401 1999 2460 rei.
2101 2402 2329 2461 Caelum
2383 2423 2531 2462 con-

338 2499 669 2569 tristatum,
712 2495 975 2573 frigidus
1015 2493 1223 2565 imber,
1267 2492 1438 2551 venti
1477 2494 1739 2553 maxima
1778 2494 2107 2554 violentiaz
2157 2498 2422 2574 collapsa
2460 2497 2532 2555 in

338 2593 568 2650 cineres
620 2594 799 2659 tecta,
843 2588 976 2664 ipsa
1019 2585 1218 2662 campi
1260 2585 1542 2663 planities
1585 2585 1759 2663 quasi
1806 2592 2015 2645 occata
2061 2593 2124 2646 et
2170 2588 2532 2665 fragmentis

337 2684 648 2761 ruinisque
702 2698 1059 2757 conspersa:
1130 2678 1308 2749 circa,
1365 2697 1550 2755 quam
1605 2678 1896 2737 latissime
1951 2680 2274 2757 complecti
2325 2683 2532 2761 potnit

336 2777 648 2836 oculorum
674 2773 849 2845 acies,
870 2772 1021 2849 agri,
1040 2776 1113 2829 ut
1128 2771 1200 2829 fit
1221 2770 1285 2828 in
1306 2769 1654 2849 regionibus
1677 2770 1887 2830 Trioni
1915 2772 2217 2850 subjectis,
2236 2775 2530 2852 lugubres

336 2868 642 2945 adspectu,
684 2865 1001 2923 funebrem
1041 2863 1106 2921 in
1144 2864 1393 2923 modum
1435 2862 1729 2921 virentest
1791 2864 1989 2941 campi
2029 2884 2106 2923 ex
2148 2867 2313 2925 omni
2355 2873 2529 2944 parte

337 2959 561 3017 milites
582 2958 702 3016 huc
722 2956 785 3015 ill
795 2977 867 3016 uc
888 2955 1052 3014 inter
1076 2954 1413 3013 occisorum
1435 2973 1685 3031 corpora
1705 2962 1998 3031 vagantes
2019 2979 2034 3026 ;
2075 2956 2257 3015 simul
2271 2960 2528 3019 vulnera

336 3049 730 3119 atrocissima,
773 3048 1073 3107 horrenda
1113 3046 1313 3105 dictu:
1381 3046 1672 3104 stationes
1713 3048 1946 3106 tacitoe:
2007 3048 2211 3107 nullus
2264 3070 2525 3129 usquam

334 3147 553 3202 cantus
591 3139 1118 3218 triumphantium,
1149 3140 1321 3197 nulla
1359 3139 1831 3215 colloquentium
1860 3160 2014 3213 vox3
2057 3141 2162 3199 sed
2202 3144 2380 3202 triste
2420 3165 2526 3222 per

338 3235 542 3294 omnia
567 3253 639 3293 ac
666 3238 943 3291 maestum
971 3232 1294 3290 silentium.
1382 3231 1623 3291 Circum
1652 3232 1886 3309 aquilas
1913 3233 2143 3291 tribuni
2171 3235 2522 3297 circumsta-

336 3330 519 3399 bant,
560 3325 801 3403 rarique
828 3328 891 3382 et
913 3324 1018 3401 qui
1038 3322 1141 3382 vix
1169 3323 1244 3381 ad
1267 3323 1527 3382 tutanda
1547 3323 1808 3402 insignia
1834 3324 2036 3385 idonei
2057 3333 2259 3385 essent
2278 3329 2521 3388 milites.

337 3420 469 3478 Illis
509 3423 711 3477 vestes
754 3415 820 3475 vi
860 3414 1210 3473 certaminis
1263 3414 1560 3488 laceratae,
1619 3416 1921 3492 frequenti
1975 3435 2190 3476 cruore
2243 3419 2520 3479 infectoe:

336 3513 545 3571 vultus
598 3516 805 3569 tamen
872 3506 1236 3584 habitusque
1302 3506 1509 3583 paullo
1563 3506 1762 3565 adhuc
1807 3508 2243 3586 jactantiores:
2312 3512 2401 3571 ita
2453 3519 2527 3571 ut

333 3604 622 3673 sordium,
652 3600 892 3673 doloris,
923 3598 1139 3675 inopioe
1166 3598 1245 3655 im
1253 3617 1544 3657 memores
1566 3599 1804 3658 obviam
1832 3601 2232 3677 prodeuntem
2257 3602 2522 3681 Impera·

332 3704 525 3755 torem
565 3698 815 3753 ovantes
855 3691 1113 3749 clamore
1162 3689 1526 3765 exciperent.
1627 3689 1826 3747 Rarus
1869 3697 2072 3749 tamen
2119 3692 2236 3751 iste
2279 3695 2521 3766 clamor,

331 3787 633 3863 simulque
660 3784 871 3844 invitis
913 3800 1231 3860 expressus
1259 3780 1606 3853 videbatur3
1659 3779 1802 3839 hnic
1841 3782 2001 3839 enim
2041 3785 2354 3859 exercitui,
2385 3806 2520 3845 eon-
