2744 4138
271 131 361 191 40
888 146 1017 192 xm
1061 148 1137 193 To
1182 149 1305 192 nm
1350 149 1538 194 mm«
1585 147 1861 200 MANUAL.

847 393 1103 453 XXIII.
1190 393 1498 470 (Hormus,
1531 395 1658 454 Foz.
1693 393 1888 469 Ueni.)

394 529 580 609 Piget
607 551 704 591 me
732 531 995 608 aliquem
1018 551 1268 590 numero
1289 532 1533 590 illorum
1556 553 1709 609 quos
1739 533 1866 591 dixi
1887 531 2160 610 excipere
2177 535 2484 610 tanquam

273 624 539 683 infamiae
567 643 814 682 caussa:
859 628 1178 700 tantopere
1205 631 1411 682 autem
1451 625 1529 683 ab
1554 626 1678 683 illis
1706 624 1971 683 distabat
1998 624 2081 682 M.
2113 625 2365 697 Tullius,
2401 633 2482 684 ut

273 717 616 795 exemplum
644 716 773 793 ejus
801 735 997 792 neque
1037 716 1281 774 omuino
1322 717 1517 775 celare
1556 737 1796 794 possem
1836 737 2028 794 neque
2069 716 2283 776 leviter
2320 725 2476 794 prae-

272 809 627 866 termittere.
712 807 955 884 Quippe
982 808 1085 867 ille
1114 808 1214 867 vir
1239 828 1380 867 vere
1407 828 1668 887 maguus
1695 813 1758 866 et
1784 809 1996 886 patriae
2025 815 2314 881 servator,
2345 803 2476 886 qui,

272 901 420 959 dum
473 899 735 978 patriam
787 905 1110 974 tutaretur,
1166 921 1362 978 neque
1416 901 1732 960 homiuum
1786 901 2181 960 factiosorum
2229 907 2290 960 et
2341 905 2475 980 jam

276 994 728 1071 desperantium
760 993 1158 1051 contumelias
1186 1013 1383 1071 neque
1411 993 1766 1052 sicariorum
1794 995 2028 1072 gladios
2053 993 2474 1072 pertimuerat,

274 1085 459 1156 idem,
510 1104 649 1143 cum
702 1105 815 1163 pro
868 1085 1065 1162 patria
1107 1085 1445 1143 infortunia
1491 1086 1776 1163 patienda
1818 1091 2035 1159 essent,
2085 1090 2260 1145 tanto
2305 1088 2478 1145 oneri

276 1175 530 1234 ferendo
585 1195 651 1234 se
703 1175 997 1253 imparem
1053 1175 1429 1235 ostendebat.
1529 1177 1984 1236 Dehonestabat
2049 1177 2217 1236 illam
2278 1177 2478 1254 ipsam

277 1267 475 1327 exsilii
530 1268 940 1328 conditionem
995 1289 1178 1346 quam
1233 1269 1290 1326 ei
1342 1269 1941 1346 imposuerat⁰Deus
1996 1268 2140 1347 Opt.
2187 1270 2350 1327 Max.
2403 1289 2478 1327 eo

279 1359 513 1418 scilicet
554 1359 803 1419 consilio
856 1365 926 1418 ut
981 1359 1060 1419 ad
1106 1360 1362 1438 gloriam
1406 1361 1537 1438 ejus
1587 1361 1760 1438 quasi
1812 1361 2092 1420 cumulus
2145 1362 2477 1424 accederet.

284 1451 417 1525 Quo
458 1451 743 1522 eundum,
774 1453 923 1528 quid
964 1451 1309 1510 faciendum
1352 1459 1528 1524 esset,
1558 1453 1844 1524 incertus,
1874 1453 1971 1511 vel
2008 1453 2260 1512 muliere
2297 1455 2482 1511 meti-

282 1544 561 1616 culosior,
599 1544 697 1603 vel
737 1543 973 1603 infante
1016 1545 1423 1622 impotentior,
1467 1545 1850 1622 dignitatem,
1892 1565 2053 1622 opes,
2097 1546 2484 1622 splendidam

282 1637 446 1695 inter
496 1637 818 1715 populares
866 1637 1128 1715 gratiam
1174 1639 1588 1715 queribundus
1634 1639 2031 1697 desiderabat.
2117 1638 2483 1716 Ignominiae

281 1733 491 1788 notam
519 1750 639 1790 nou
669 1731 949 1790 delebant
976 1732 1082 1790 sed
1118 1737 1363 1790 tantum
1390 1731 1573 1790 altius
1615 1732 1939 1791 inurebant
1979 1731 2218 1790 dicendi
2258 1732 2480 1790 calam-

281 1824 435 1882 istri.
520 1823 735 1883 Flebat
781 1824 989 1883 ruinas
1034 1825 1249 1883 domus
1298 1843 1423 1882 suae
1466 1845 1504 1882 a
1550 1824 1619 1882 P.
1662 1823 1872 1882 clodio
1921 1824 2174 1882 dirutae:
2215 1824 2505 1883 fortasse.

287 1917 473 1974 etiam
500 1919 635 1973 tum
663 1917 954 1994 temporis
981 1917 1226 1976 dolebat
1251 1917 1415 1993 quod
1443 1916 1774 1974 carendum
1802 1921 1960 1974 esset
1976 1916 2274 1988 Terentia,
2293 1937 2482 1993 quam

283 2013 488 2066 tamen
515 2015 657 2085 post
681 2008 923 2064 nonita
962 2009 1155 2066 multo
1196 2008 1559 2085 repudiavit.
1640 2005 1875 2085 Nempe
1915 2007 2046 2066 viro
2076 2027 2255 2086 quem
2296 2008 2483 2066 semel

282 2101 619 2178 prostravit
670 2101 843 2159 dolor
894 2102 1063 2159 omni
1125 2102 1283 2159 fiunt
1347 2101 1790 2161 intolerabiliat
1858 2121 2118 2179 quorum
2184 2122 2302 2160 usu
2355 2122 2482 2160 non

286 2191 718 2261 delectabatur,
749 2210 821 2249 ea
859 2192 1254 2251 nihilominus
1294 2194 1637 2252 desiderat:
1682 2212 1864 2252 onere
1902 2194 2028 2271 jam
2067 2198 2483 2271 praegravatus

284 2284 383 2343 vel
410 2282 585 2343 flocci
610 2283 849 2361 pondus
877 2284 1335 2344 detrectat-J.
1369 2286 1734 2344 Gonmerou.

762 2540 1007 2600 XXIV.
1094 2538 1380 2628 (GIBIJOR,
1409 2540 1652 2599 Decline
1676 2542 1794 2600 and
1820 2542 2014 2619 Fazz.)

404 2683 608 2743 Homo
634 2681 882 2760 quidam
909 2683 985 2741 de
1012 2682 1187 2761 plebe
1207 2682 1514 2758 perculsos
1531 2687 1716 2759 atque
1737 2682 2007 2761 abjectos
2022 2682 2252 2741 nobiles
2273 2682 2480 2743 miser·

285 2781 425 2835 atus
452 2795 533 2835 an
558 2776 822 2834 illudens
849 2776 937 2834 ita
957 2776 1277 2835 describit:
1310 2780 1326 2806 ‘
1348 2774 1594 2835 Stantes
1612 2775 1704 2834 illi
1723 2795 1925 2834 coram
1943 2776 2229 2851 Tribuu0‚
2251 2775 2482 2833 nudato

286 2867 501 2943 capit-e,
532 2866 884 2943 compositis
910 2866 975 2924 in
1002 2872 1244 2944 pectore
1283 2867 1584 2939 manibus,
1615 2867 1827 2927 defixis
1854 2867 2025 2925 humi
2055 2866 2260 2941 oculis,
2293 2886 2481 2943 quan·

287 2964 491 3037 topere
520 2959 603 3016 Di
632 2959 792 3017 Boni
816 2958 828 3018 I
871 2959 1297 3035 trepidabant.’

406 3050 714 3108 Nimirum
758 3069 1035 3127 proceres
1064 3050 1345 3121 Romani,
1377 3050 1667 3125 quamdiu
1711 3049 1996 3108 Riensius
2035 3049 2207 3127 justa
2250 3070 2320 3110 ac
2365 3051 2480 3109 rei·

284 3143 541 3221 publicae
593 3144 907 3201 commoda
975 3143 1329 3221 imperabat,
1387 3144 1645 3202 oderunt
1706 3142 1798 3200 illi
1860 3142 2107 3220 quidem
2172 3142 2482 3203 hominem

284 3234 719 3314 cupiditatibus
746 3235 872 3294 suis
913 3240 1097 3311 atque
1140 3235 1424 3312 superbia
1462 3235 1773 3306 infestum,
1803 3255 1914 3293 nec
1955 3240 2238 3312 poterant
2265 3241 2483 3297 tamen

281 3348 419 3387 eum
448 3348 522 3387 ex
550 3327 740 3385 animi
767 3345 947 3385 sensu
975 3346 1100 3384 non
1138 3327 1404 3385 revereri
1427 3352 1440 3385 ε
1484 3346 1627 3385 mox
1656 3345 1784 3386 sese
1813 3346 1996 3404 snpra
2021 3327 2271 3386 modum
2311 3328 2479 3386 effer·

280 3424 481 3480 entem
538 3418 843 3495 despicere
897 3424 1083 3497 atque
1126 3420 1396 3497 apertius
1450 3419 1688 3491 odisse;
1755 3439 1892 3495 spes
1955 3419 2139 3478 etiam
2189 3424 2482 3496 concepta

280 3512 593 3571 evertendi
640 3512 896 3587 imperii,
928 3512 1105 3588 cujus
1143 3512 1275 3589 jam
1322 3513 1469 3571 fides
1509 3517 1573 3569 et
1609 3512 1942 3571 auctoritas
1978 3512 2141 3589 apud
2186 3512 2482 3589 populum

277 3604 603 3662 imminuta
645 3609 821 3662 esset.
904 3604 1124 3679 Itaque
1172 3608 1347 3661 vetus
1391 3604 1554 3663 inter
1603 3602 1904 3662 Colonnas
1949 3608 2012 3661 et
2051 3602 2312 3661 Ursinos
2356 3603 2477 3661 dis·

276 3695 497 3752 sidium
564 3695 786 3773 probro
856 3694 1164 3753 communi
1229 3714 1558 3772 parumper
1609 3694 2049 3766 intermissum,
2105 3700 2169 3753 et
2220 3693 2478 3758 fortasse

274 3787 542 3857 consilia,
572 3788 779 3847 studia
806 3788 1053 3867 quidem
1082 3793 1246 3847 certe
1273 3787 1635 3847 consociata.
