2744 4138
1189 153 1344 202 mm:
1389 155 1464 201 11.
2350 143 2433 204 35

234 305 361 364 silii
413 303 607 364 eidem
651 303 1036 382 audaciaeque
1080 305 1488 382 capacissimO,
1544 323 1617 362 ea
1659 303 1905 375 indoles,
1962 309 2034 363 ut
2082 303 2156 364 de
2200 307 2437 367 summfi.

233 419 444 458 rerum
498 400 728 478 optime
768 419 880 478 pro
923 419 986 457 se
1029 398 1286 476 quisque
1325 399 1601 477 judicare
1647 402 1869 476 posset.
1952 397 2184 458 Milites
2230 406 2437 460 autem

231 491 428 567 vulgo
482 490 748 549 maxima
813 491 1136 549 admiratio
1187 491 1430 563 invasit,
1486 497 1590 550 tot·
1627 509 1809 550 ooesos
1863 510 1991 549 sese
2055 491 2280 564 hostes,
2340 497 2437 551 tot

230 585 600 655 vulneratos,
631 589 758 642 tam
784 602 1007 661 paucos
1035 582 1308 662 captivos
1323 584 1645 644 invenisse.
1728 583 1816 642 Hi
1841 584 2002 642 enim
2030 585 2299 643 universi
2324 583 2432 643 vix

229 674 724 752 octingentorum
776 696 1099 734 numerum
1153 676 1494 753 aequabant.
1576 675 1785 752 Atqui,
1843 695 1917 734 ex
1964 676 2181 734 horum
2225 676 2433 737 habite

231 766 488 838 ratione.
506 766 889 826 vincentibus
907 769 1118 845 quanti
1138 767 1395 826 victoria
1410 771 1585 839 esset,
1604 767 1902 826 aestimare
1923 767 2104 826 soliti.
2148 768 2430 845 Namque

230 858 695 917 interfectorum
720 860 924 937 capita
949 880 1070 918 non
1099 864 1228 918 tam
1258 860 1579 918 victoriam
1621 878 1804 936 quam
1844 859 2152 918 victorum
2195 860 2437 918 animos

229 969 511 1028 arguere.
616 951 846 1024 Quodsi
885 951 1134 1028 reliquis
1173 956 1341 1010 recto
1382 950 1610 1022 ordine,
1655 951 1897 1027 integre.
1936 952 2137 1010 adhuc
2182 970 2306 1029 spe,
2336 951 2438 1009 in··

231 1042 427 1119 tegris
455 1042 691 1114 animis,
723 1042 906 1101 etiam
930 1044 1243 1102 firmorum
1271 1042 1748 1120 bellicorumque
1776 1042 2037 1120 speciem
2064 1043 2425 1115 ferentibus,

229 1138 512 1211 receptus
532 1153 566 1191 e
593 1134 797 1211 praelio
824 1140 1078 1211 pateret,
1108 1134 1208 1193 cui
1248 1134 1498 1192 tandem
1525 1133 1650 1192 sibi
1684 1133 1855 1192 lucro
1896 1133 2168 1193 sterilem
2206 1154 2432 1212 pugnae

231 1227 424 1284 situm
449 1245 580 1285 esse
605 1232 817 1286 nactos
838 1225 867 1285 i’
954 1226 1202 1286 Scilicet
1226 1227 1292 1283 in
1320 1227 1433 1305 hae
1459 1224 1882 1302 magnitudine
1923 1225 2239 1304 regionum
2278 1227 2428 1286 satis

232 1337 540 1396 superque
567 1337 878 1396 superesse
903 1319 1121 1396 campi,
1152 1318 1504 1397 hujusmodi
1544 1316 1939 1378 victoriarum
1980 1318 2427 1378 amantibus.—

231 1409 294 1468 J.
324 1410 404 1469 Y.
435 1409 726 1470 Summe.

867 1601 1014 1661 XV.
1061 1601 1365 1678 (Aeuom,
1411 1603 1579 1661 Rom.
1622 1603 1813 1680 Hist.)

359 1757 654 1817 Conscius
694 1758 846 1816 mihi
885 1777 1036 1829 sum,
1070 1757 1357 1831 QuiriteS,
1392 1777 1503 1816 vos
1543 1778 1655 1834 pro
1695 1755 1943 1816 inimico
1980 1762 2187 1816 vestro
2228 1756 2430 1815 ordini

233 1849 479 1922 habere,
524 1850 870 1930 quicunque
909 1848 1110 1907 tribus
1133 1849 1315 1914 ,hisce
1355 1848 1789 1926 rogationibus,
1830 1869 1867 1906 a.
1906 1847 2167 1907 tribunis
2208 1848 2428 1906 vestris

232 1940 630 2018 proferendis,
678 1941 835 1999 nolit
877 1940 1237 2018 suffragari:
1308 1959 1503 2016 neque
1547 1940 1826 2016 equidem
1873 1939 2106 1998 inficias
2149 1958 2235 2010 e0,
2279 1939 2428 2016 quin

233 2033 517 2093 nonnulli
563 2053 638 2092 ex
684 2031 777 2105 iis,
835 2032 940 2110 qui
992 2031 1399 2103 reclamarint,
1456 2031 1627 2092 vobis
1682 2052 1802 2091 non
1859 2031 1983 2090 sint
2038 2030 2425 2093 amicissimis

231 2146 496 2203 quorum
523 2126 756 2185 invidia.
781 2146 904 2185 non
931 2130 1024 2183 est
1049 2145 1158 2184 our
1185 2125 1493 2197 miremur,
1524 2125 1578 2182 si
1618 2124 1697 2182 ad
1722 2125 1874 2185 alios
1916 2144 2153 2202 quoque
2190 2125 2426 2199 iisdem,

233 2224 309 2277 ut
335 2220 596 2288 videtur,
621 2218 895 2295 vestigiis
921 2218 1332 2295 ingredientes
1359 2217 1689 2294 perveniat.
1775 2217 1908 2295 Ego
1937 2237 2079 2276 vero
2106 2218 2338 2287 adsum,
2360 2224 2434 2277 ut

233 2311 345 2387 qui
399 2311 622 2369 sexties
660 2311 792 2387 jam
845 2315 1026 2369 antea
1079 2329 1268 2386 quum
1314 2329 1462 2387 pace
1505 2314 1638 2367 tum
1681 2309 1839 2368 bello
1886 2313 2213 2386 spectatae,
2262 2329 2428 2368 nunc

233 2402 566 2481 septimum
615 2402 902 2461 tribunus
948 2401 1216 2461 militum
1251 2420 1288 2459 a
1326 2402 1501 2461 vobis
1543 2401 1856 2479 designer:
1901 2420 2082 2479 quem
2121 2401 2271 2460 alias
2314 2422 2430 2459 un-

231 2512 418 2570 quam
464 2491 782 2552 inimicum
828 2493 1063 2570 experti
1103 2492 1366 2569 pessimo
1406 2512 1569 2551 nunc
1610 2491 1888 2570 exemplo
1927 2492 2149 2549 iterum
2188 2492 2429 2571 pericli..

229 2585 351 2643 tati
377 2586 606 2646 essetis.
692 2585 803 2644 Sin
841 2591 1060 2644 contra
1097 2604 1457 2664 persuasum
1496 2584 1754 2655 habetis,
1783 2605 1880 2643 me
1921 2584 2090 2643 vobis
2131 2585 2427 2645 hactenus

229 2678 626 2750 consuluisse,
658 2678 916 2737 eundem
960 2678 1158 2755 ipsum
1203 2678 1365 2735 hunc
1407 2696 1645 2754 quoque
1673 2695 1772 2735 me
1810 2676 2052 2734 adstare
2100 2678 2421 2749 censeatiS,

227 2769 473 2829 etiamsi
514 2770 747 2847 loquar,
798 2770 1002 2847 qualia.
1043 2769 1234 2842 vobis,
1273 2788 1400 2846 pree
1451 2768 1737 2845 praesenti
1780 2767 2128 2827 animorum
2176 2768 2423 2841 affectu,

225 2860 480 2921 minime
508 2862 714 2921 lubeat
739 2861 1099 2921 audire—I.
1132 2861 1205 2921 G.
1240 2861 1457 2921 Smm.

893 3102 1070 3162 XVI.
1146 3101 1424 3179 (Jnssnmr
1466 3099 1755 3174 TAYLOR.)

354 3258 475 3332 Qui
515 3258 671 3317 bene
711 3255 868 3315 mori
908 3255 1094 3333 cupit,
1124 3254 1177 3313 is
1216 3257 1477 3312 mortem
1517 3251 1712 3310 indies
1754 3257 2033 3330 expectet
2080 3259 2339 3331 oportet,
2370 3253 2423 3313 is

227 3349 536 3428 sepulchri
562 3350 722 3409 ostia
748 3348 1020 3427 quotidie
1060 3348 1300 3424 pulset3
1342 3345 1504 3423 quod
1546 3344 1599 3401 si
1638 3344 1872 3418 fecerit,
1902 3365 2217 3422 nunquam
2256 3345 2313 3404 ei
2353 3364 2427 3404 ea

229 3443 391 3503 ostia
415 3443 481 3500 in
509 3463 634 3500 rem
662 3442 887 3501 malam
927 3441 1242 3518 patebunt.
1326 3437 1659 3498 Commune
1687 3436 1801 3495 hoc
1828 3436 2099 3495 omnium
2127 3437 2423 3497 bonorum

227 3555 301 3595 ac
330 3533 694 3611 sapientium
723 3532 843 3591 fuit
870 3536 1256 3609 preceptum:
1302 3528 1405 3605 qui
1436 3546 1673 3604 semper
1712 3529 2056 3599 voluerunt,
2087 3528 2423 3605 praesertim

226 3647 418 3705 quum
449 3627 578 3685 dies
603 3626 790 3685 festos
817 3625 1107 3684 solutiore
1147 3622 1359 3681 laetitia
1388 3627 1653 3699 agerent,
1685 3621 2063 3698 aliquantum
2106 3621 2325 3679 cineris
2352 3628 2425 3679 ut

227 3722 319 3777 ita
346 3719 546 3777 dicam
576 3718 715 3777 vino
741 3717 1102 3788 immiscere,
1133 3716 1297 3793 quod
1324 3716 1400 3771 de
1428 3713 1597 3771 fatali
1638 3712 1777 3770 vitoe
1816 3713 2075 3770 termino
2117 3731 2421 3772 common-

231 3816 384 3871 eret.
469 3810 843 3889 Hujusmodi
872 3808 989 3868 fuit
1013 3808 1261 3887 nigrum
1303 3806 1459 3864 illud
1508 3804 1782 3863 Saladini
1829 3804 2175 3878 indusium3
2217 3804 2423 3884 hujus·

1282 3915 1316 3947 n
1349 3903 1379 3947 2
