<?xml version="1.0" encoding="UTF-8"?>
<!DOCTYPE html PUBLIC "-//W3C//DTD XHTML 1.0 Transitional//EN"
    "http://www.w3.org/TR/xhtml1/DTD/xhtml1-transitional.dtd">
<html xmlns="http://www.w3.org/1999/xhtml" xml:lang="en" lang="en">
 <head>
  <title>
</title>
<meta http-equiv="Content-Type" content="text/html;charset=utf-8" />
  <meta name='ocr-system' content='tesseract 3.04.00' />
  <meta name='ocr-capabilities' content='ocr_page ocr_carea ocr_par ocr_line ocrx_word'/>
</head>
<body>
  <div class='ocr_page' id='page_1' title='image "./akeytomanuallat00wilkgoog_0030.png"; bbox 0 0 2744 4138; ppageno 0'>
   <div class='ocr_carea' id='block_1_1' title="bbox 1265 160 2487 224">
    <p class='ocr_par' dir='ltr' id='par_1_1' title="bbox 1265 160 2487 224">
     <span class='ocr_line' id='line_1_1' title="bbox 1265 160 2487 224; baseline 0.002 -2"><span class='ocrx_word' id='word_1_1' title='bbox 1265 173 1422 222; x_wconf 70' lang='lat' dir='ltr'><strong>mur</strong></span> <span class='ocrx_word' id='word_1_2' title='bbox 1466 175 1514 222; x_wconf 89' lang='lat'><strong>1.</strong></span> <span class='ocrx_word' id='word_1_3' title='bbox 1854 172 1861 176; x_wconf 84' lang='lat'>·</span> <span class='ocrx_word' id='word_1_4' title='bbox 2408 160 2487 224; x_wconf 88' lang='grc'><strong>19</strong></span> 
     </span>
    </p>
   </div>
   <div class='ocr_carea' id='block_1_2' title="bbox 297 323 2491 2064">
    <p class='ocr_par' dir='ltr' id='par_1_2' title="bbox 297 323 2491 2064">
     <span class='ocr_line' id='line_1_2' title="bbox 300 323 2489 404; baseline -0.001 -19"><span class='ocrx_word' id='word_1_5' title='bbox 300 324 625 404; x_wconf 83' lang='lat' dir='ltr'><strong>peregrina</strong></span> <span class='ocrx_word' id='word_1_6' title='bbox 649 345 746 384; x_wconf 87' lang='lat' dir='ltr'><strong>res</strong></span> <span class='ocrx_word' id='word_1_7' title='bbox 773 323 910 384; x_wconf 89' lang='lat' dir='ltr'><strong>fuit.</strong></span> <span class='ocrx_word' id='word_1_8' title='bbox 997 323 1140 384; x_wconf 88' lang='lat' dir='ltr'><strong>Sine</strong></span> <span class='ocrx_word' id='word_1_9' title='bbox 1179 325 1444 384; x_wconf 79' lang='lat' dir='ltr'><strong>carmine</strong></span> <span class='ocrx_word' id='word_1_10' title='bbox 1470 325 1615 397; x_wconf 90' lang='lat' dir='ltr'><strong>ullo,</strong></span> <span class='ocrx_word' id='word_1_11' title='bbox 1646 323 1776 383; x_wconf 89' lang='lat' dir='ltr'><strong>sine</strong></span> <span class='ocrx_word' id='word_1_12' title='bbox 1814 323 2245 384; x_wconf 71' lang='lat' dir='ltr'><strong>imitandorum</strong></span> <span class='ocrx_word' id='word_1_13' title='bbox 2274 325 2489 386; x_wconf 84' lang='lat' dir='ltr'><strong>carmi-</strong></span> 
     </span>
     <span class='ocr_line' id='line_1_3' title="bbox 300 414 2489 490; baseline 0.001 -15"><span class='ocrx_word' id='word_1_14' title='bbox 300 437 450 476; x_wconf 86' lang='lat' dir='ltr'><strong>num</strong></span> <span class='ocrx_word' id='word_1_15' title='bbox 476 424 636 490; x_wconf 85' lang='lat' dir='ltr'><strong>actu,</strong></span> <span class='ocrx_word' id='word_1_16' title='bbox 663 417 938 476; x_wconf 89' lang='lat' dir='ltr'><strong>ludiones</strong></span> <span class='ocrx_word' id='word_1_17' title='bbox 964 435 1040 474; x_wconf 86' lang='lat' dir='ltr'><strong>ex</strong></span> <span class='ocrx_word' id='word_1_18' title='bbox 1069 414 1317 475; x_wconf 65' lang='lat' dir='ltr'><strong>Etruria</strong></span> <span class='ocrx_word' id='word_1_19' title='bbox 1344 417 1525 476; x_wconf 87' lang='lat' dir='ltr'><strong>acciti</strong></span> <span class='ocrx_word' id='word_1_20' title='bbox 1564 417 1727 476; x_wconf 84' lang='lat' dir='ltr'><strong>haud</strong></span> <span class='ocrx_word' id='word_1_21' title='bbox 1754 416 2065 477; x_wconf 89' lang='lat' dir='ltr'><strong>indecoros</strong></span> <span class='ocrx_word' id='word_1_22' title='bbox 2093 422 2295 476; x_wconf 89' lang='lat' dir='ltr'><strong>motus</strong></span> <span class='ocrx_word' id='word_1_23' title='bbox 2325 439 2489 478; x_wconf 87' lang='lat' dir='ltr'><strong>more</strong></span> 
     </span>
     <span class='ocr_line' id='line_1_4' title="bbox 303 503 2490 587; baseline 0 -19"><span class='ocrx_word' id='word_1_24' title='bbox 303 510 503 570; x_wconf 83' lang='lat' dir='ltr'><strong>Tusco</strong></span> <span class='ocrx_word' id='word_1_25' title='bbox 540 511 788 570; x_wconf 76' lang='lat' dir='ltr'><strong>dabant.</strong></span> <span class='ocrx_word' id='word_1_26' title='bbox 885 503 1126 567; x_wconf 83' lang='lat' dir='ltr'><strong>Imitari</strong></span> <span class='ocrx_word' id='word_1_27' title='bbox 1169 509 1387 568; x_wconf 89' lang='lat' dir='ltr'><strong>deinde</strong></span> <span class='ocrx_word' id='word_1_28' title='bbox 1433 529 1535 568; x_wconf 92' lang='lat' dir='ltr'><strong>eos</strong></span> <span class='ocrx_word' id='word_1_29' title='bbox 1578 509 1886 587; x_wconf 74' lang='lat' dir='ltr'><strong>juventuS,</strong></span> <span class='ocrx_word' id='word_1_30' title='bbox 1933 506 2113 568; x_wconf 89' lang='lat' dir='ltr'><strong>simul</strong></span> <span class='ocrx_word' id='word_1_31' title='bbox 2166 510 2490 569; x_wconf 84' lang='lat' dir='ltr'><strong>inconditis</strong></span> 
     </span>
     <span class='ocr_line' id='line_1_5' title="bbox 299 601 2491 680; baseline 0.002 -22"><span class='ocrx_word' id='word_1_32' title='bbox 299 601 462 660; x_wconf 89' lang='lat' dir='ltr'><strong>inter</strong></span> <span class='ocrx_word' id='word_1_33' title='bbox 487 622 552 662; x_wconf 89' lang='lat' dir='ltr'><strong>se</strong></span> <span class='ocrx_word' id='word_1_34' title='bbox 572 601 867 680; x_wconf 78' lang='lat' dir='ltr'><strong>jocularia</strong></span> <span class='ocrx_word' id='word_1_35' title='bbox 895 601 1231 661; x_wconf 86' lang='lat' dir='ltr'><strong>·fundentes</strong></span> <span class='ocrx_word' id='word_1_36' title='bbox 1257 603 1555 673; x_wconf 88' lang='lat' dir='ltr'><strong>versibus,</strong></span> <span class='ocrx_word' id='word_1_37' title='bbox 1586 621 1854 679; x_wconf 86' lang='lat' dir='ltr'><strong>coepere;</strong></span> <span class='ocrx_word' id='word_1_38' title='bbox 1895 621 2007 660; x_wconf 88' lang='lat' dir='ltr'><strong>nec</strong></span> <span class='ocrx_word' id='word_1_39' title='bbox 2033 601 2240 661; x_wconf 88' lang='lat' dir='ltr'><strong>absoni</strong></span> <span class='ocrx_word' id='word_1_40' title='bbox 2280 623 2318 660; x_wconf 88' lang='lat' dir='ltr'><strong>a</strong></span> <span class='ocrx_word' id='word_1_41' title='bbox 2343 622 2491 662; x_wconf 88' lang='lat' dir='ltr'><strong>voce</strong></span> 
     </span>
     <span class='ocr_line' id='line_1_6' title="bbox 301 692 2486 772; baseline 0.001 -20"><span class='ocrx_word' id='word_1_42' title='bbox 301 699 505 753; x_wconf 87' lang='lat' dir='ltr'><strong>motus</strong></span> <span class='ocrx_word' id='word_1_43' title='bbox 530 698 722 754; x_wconf 87' lang='lat' dir='ltr'><strong>erant.</strong></span> <span class='ocrx_word' id='word_1_44' title='bbox 802 693 1077 772; x_wconf 82' lang='lat' dir='ltr'><strong>Accepta</strong></span> <span class='ocrx_word' id='word_1_45' title='bbox 1102 692 1306 770; x_wconf 84' lang='lat' dir='ltr'><strong>itaque</strong></span> <span class='ocrx_word' id='word_1_46' title='bbox 1347 713 1445 752; x_wconf 88' lang='lat' dir='ltr'><strong>res</strong></span> <span class='ocrx_word' id='word_1_47' title='bbox 1470 693 1805 771; x_wconf 83' lang='lat' dir='ltr'><strong>soepiusque</strong></span> <span class='ocrx_word' id='word_1_48' title='bbox 1831 695 2179 771; x_wconf 88' lang='lat' dir='ltr'><strong>usurpando</strong></span> <span class='ocrx_word' id='word_1_49' title='bbox 2206 695 2486 754; x_wconf 85' lang='lat' dir='ltr'><strong>excitata.</strong></span> 
     </span>
     <span class='ocr_line' id='line_1_7' title="bbox 301 784 2488 862; baseline 0 -18"><span class='ocrx_word' id='word_1_50' title='bbox 301 785 662 845; x_wconf 80' lang='lat' dir='ltr'><strong>Vernaculis</strong></span> <span class='ocrx_word' id='word_1_51' title='bbox 702 785 1057 858; x_wconf 83' lang='lat' dir='ltr'><strong>artificibus,</strong></span> <span class='ocrx_word' id='word_1_52' title='bbox 1083 784 1229 862; x_wconf 87' lang='lat' dir='ltr'><strong>quia</strong></span> <span class='ocrx_word' id='word_1_53' title='bbox 1268 785 1463 844; x_wconf 88' lang='lat' dir='ltr'><strong>hister</strong></span> <span class='ocrx_word' id='word_1_54' title='bbox 1488 786 1687 844; x_wconf 80' lang='lat' dir='ltr'><strong>Tusco</strong></span> <span class='ocrx_word' id='word_1_55' title='bbox 1714 787 1900 846; x_wconf 87' lang='lat' dir='ltr'><strong>verbo</strong></span> <span class='ocrx_word' id='word_1_56' title='bbox 1940 787 2108 845; x_wconf 86' lang='lat' dir='ltr'><strong>ludio</strong></span> <span class='ocrx_word' id='word_1_57' title='bbox 2136 785 2488 858; x_wconf 86' lang='lat' dir='ltr'><strong>vocabatur,</strong></span> 
     </span>
     <span class='ocr_line' id='line_1_8' title="bbox 301 876 2488 952; baseline 0 -18"><span class='ocrx_word' id='word_1_58' title='bbox 301 897 520 943; x_wconf 85' lang='lat' dir='ltr'><strong>nomen</strong></span> <span class='ocrx_word' id='word_1_59' title='bbox 538 876 933 935; x_wconf 73' lang='lat' dir='ltr'><strong>histrionibus</strong></span> <span class='ocrx_word' id='word_1_60' title='bbox 954 876 1247 935; x_wconf 87' lang='lat' dir='ltr'><strong>inditum:</strong></span> <span class='ocrx_word' id='word_1_61' title='bbox 1280 877 1545 952; x_wconf 91' lang='lat' dir='ltr'><strong>quinon,</strong></span> <span class='ocrx_word' id='word_1_62' title='bbox 1564 876 1723 934; x_wconf 88' lang='lat' dir='ltr'><strong>sicut</strong></span> <span class='ocrx_word' id='word_1_63' title='bbox 1740 881 1900 948; x_wconf 85' lang='lat' dir='ltr'><strong>ante,</strong></span> <span class='ocrx_word' id='word_1_64' title='bbox 1921 876 2292 936; x_wconf 85' lang='lat' dir='ltr'><strong>Fescennino</strong></span> <span class='ocrx_word' id='word_1_65' title='bbox 2314 897 2488 936; x_wconf 86' lang='lat' dir='ltr'><strong>versu</strong></span> 
     </span>
     <span class='ocr_line' id='line_1_9' title="bbox 300 969 2491 1048; baseline 0.001 -20"><span class='ocrx_word' id='word_1_66' title='bbox 300 970 559 1029; x_wconf 82' lang='lat' dir='ltr'><strong>similem</strong></span> <span class='ocrx_word' id='word_1_67' title='bbox 597 970 1063 1048; x_wconf 86' lang='lat' dir='ltr'><strong>incompositum</strong></span> <span class='ocrx_word' id='word_1_68' title='bbox 1106 973 1330 1028; x_wconf 84' lang='lat' dir='ltr'><strong>temere</strong></span> <span class='ocrx_word' id='word_1_69' title='bbox 1356 989 1429 1028; x_wconf 90' lang='lat' dir='ltr'><strong>ac</strong></span> <span class='ocrx_word' id='word_1_70' title='bbox 1468 969 1681 1028; x_wconf 86' lang='lat' dir='ltr'><strong>rudem</strong></span> <span class='ocrx_word' id='word_1_71' title='bbox 1720 971 1969 1029; x_wconf 88' lang='lat' dir='ltr'><strong>alternis</strong></span> <span class='ocrx_word' id='word_1_72' title='bbox 2002 971 2340 1048; x_wconf 80' lang='lat' dir='ltr'><strong>jaciebant3</strong></span> <span class='ocrx_word' id='word_1_73' title='bbox 2383 973 2491 1031; x_wconf 87' lang='lat' dir='ltr'><strong>sed</strong></span> 
     </span>
     <span class='ocr_line' id='line_1_10' title="bbox 299 1060 2489 1141; baseline 0.001 -21"><span class='ocrx_word' id='word_1_74' title='bbox 299 1062 583 1140; x_wconf 85' lang='lat' dir='ltr'><strong>impletas</strong></span> <span class='ocrx_word' id='word_1_75' title='bbox 622 1061 818 1120; x_wconf 88' lang='lat' dir='ltr'><strong>modis</strong></span> <span class='ocrx_word' id='word_1_76' title='bbox 857 1065 1111 1134; x_wconf 86' lang='lat' dir='ltr'><strong>saturas,</strong></span> <span class='ocrx_word' id='word_1_77' title='bbox 1142 1060 1446 1138; x_wconf 83' lang='lat' dir='ltr'><strong>descripto</strong></span> <span class='ocrx_word' id='word_1_78' title='bbox 1484 1062 1563 1120; x_wconf 86' lang='lat' dir='ltr'><strong>ad</strong></span> <span class='ocrx_word' id='word_1_79' title='bbox 1601 1062 1914 1121; x_wconf 88' lang='lat' dir='ltr'><strong>tibicinem</strong></span> <span class='ocrx_word' id='word_1_80' title='bbox 1954 1067 2156 1136; x_wconf 86' lang='lat' dir='ltr'><strong>cantu,</strong></span> <span class='ocrx_word' id='word_1_81' title='bbox 2198 1070 2489 1141; x_wconf 89' lang='lat' dir='ltr'><strong>motuque</strong></span> 
     </span>
     <span class='ocr_line' id='line_1_11' title="bbox 297 1153 2491 1234; baseline 0.002 -21"><span class='ocrx_word' id='word_1_82' title='bbox 297 1155 657 1233; x_wconf 70' lang='lat' dir='ltr'><strong>congruenti</strong></span> <span class='ocrx_word' id='word_1_83' title='bbox 722 1153 1110 1232; x_wconf 69' lang='lat' dir='ltr'><strong>peragebant.</strong></span> <span class='ocrx_word' id='word_1_84' title='bbox 1219 1153 1447 1226; x_wconf 49' lang='lat' dir='ltr'><strong>Livius</strong></span> <span class='ocrx_word' id='word_1_85' title='bbox 1504 1159 1644 1233; x_wconf 86' lang='lat' dir='ltr'><strong>post</strong></span> <span class='ocrx_word' id='word_1_86' title='bbox 1707 1155 1939 1233; x_wconf 89' lang='lat' dir='ltr'><strong>aliquot</strong></span> <span class='ocrx_word' id='word_1_87' title='bbox 1990 1175 2199 1229; x_wconf 86' lang='lat' dir='ltr'><strong>annos,</strong></span> <span class='ocrx_word' id='word_1_88' title='bbox 2256 1157 2361 1234; x_wconf 91' lang='lat' dir='ltr'><strong>qui</strong></span> <span class='ocrx_word' id='word_1_89' title='bbox 2412 1158 2491 1217; x_wconf 90' lang='lat' dir='ltr'><strong>ab</strong></span> 
     </span>
     <span class='ocr_line' id='line_1_12' title="bbox 299 1245 2490 1327; baseline 0.001 -22"><span class='ocrx_word' id='word_1_90' title='bbox 299 1247 523 1306; x_wconf 85' lang='lat' dir='ltr'><strong>saturis</strong></span> <span class='ocrx_word' id='word_1_91' title='bbox 550 1265 734 1304; x_wconf 86' lang='lat' dir='ltr'><strong>ausus</strong></span> <span class='ocrx_word' id='word_1_92' title='bbox 759 1250 854 1304; x_wconf 89' lang='lat' dir='ltr'><strong>est</strong></span> <span class='ocrx_word' id='word_1_93' title='bbox 871 1245 1105 1324; x_wconf 89' lang='lat' dir='ltr'><strong>primus</strong></span> <span class='ocrx_word' id='word_1_94' title='bbox 1126 1251 1485 1323; x_wconf 84' lang='lat' dir='ltr'><strong>argumento</strong></span> <span class='ocrx_word' id='word_1_95' title='bbox 1503 1247 1769 1306; x_wconf 85' lang='lat' dir='ltr'><strong>fabulam</strong></span> <span class='ocrx_word' id='word_1_96' title='bbox 1798 1268 2009 1319; x_wconf 80' lang='lat' dir='ltr'><strong>serere,</strong></span> <span class='ocrx_word' id='word_1_97' title='bbox 2039 1249 2281 1322; x_wconf 88' lang='lat' dir='ltr'><strong>dicitur,</strong></span> <span class='ocrx_word' id='word_1_98' title='bbox 2302 1270 2490 1327; x_wconf 89' lang='lat' dir='ltr'><strong>quum</strong></span> 
     </span>
     <span class='ocr_line' id='line_1_13' title="bbox 299 1337 2488 1419; baseline 0.002 -21"><span class='ocrx_word' id='word_1_99' title='bbox 299 1339 518 1416; x_wconf 82' lang='lat' dir='ltr'><strong>soepius</strong></span> <span class='ocrx_word' id='word_1_100' title='bbox 571 1343 893 1398; x_wconf 82' lang='lat' dir='ltr'><strong>revocatus</strong></span> <span class='ocrx_word' id='word_1_101' title='bbox 946 1357 1156 1396; x_wconf 88' lang='lat' dir='ltr'><strong>vocem</strong></span> <span class='ocrx_word' id='word_1_102' title='bbox 1210 1337 1568 1412; x_wconf 81' lang='lat' dir='ltr'><strong>obt-udisset,</strong></span> <span class='ocrx_word' id='word_1_103' title='bbox 1622 1338 1802 1398; x_wconf 67' lang='lat' dir='ltr'><strong>venia.</strong></span> <span class='ocrx_word' id='word_1_104' title='bbox 1848 1341 2041 1418; x_wconf 64' lang='lat' dir='ltr'><strong>petita</strong></span> <span class='ocrx_word' id='word_1_105' title='bbox 2092 1361 2349 1419; x_wconf 89' lang='lat' dir='ltr'><strong>puerum</strong></span> <span class='ocrx_word' id='word_1_106' title='bbox 2409 1344 2488 1402; x_wconf 85' lang='lat' dir='ltr'><strong>ad</strong></span> 
     </span>
     <span class='ocr_line' id='line_1_14' title="bbox 298 1428 2485 1511; baseline 0.003 -22"><span class='ocrx_word' id='word_1_107' title='bbox 298 1431 639 1490; x_wconf 86' lang='lat' dir='ltr'><strong>canendum</strong></span> <span class='ocrx_word' id='word_1_108' title='bbox 679 1435 822 1489; x_wconf 88' lang='lat' dir='ltr'><strong>ante</strong></span> <span class='ocrx_word' id='word_1_109' title='bbox 863 1428 1174 1488; x_wconf 75' lang='lat' dir='ltr'><strong>tibicinem</strong></span> <span class='ocrx_word' id='word_1_110' title='bbox 1202 1449 1394 1506; x_wconf 90' lang='lat' dir='ltr'><strong>quum</strong></span> <span class='ocrx_word' id='word_1_111' title='bbox 1434 1431 1762 1504; x_wconf 86' lang='lat' dir='ltr'><strong>statuisset,</strong></span> <span class='ocrx_word' id='word_1_112' title='bbox 1794 1433 2099 1492; x_wconf 87' lang='lat' dir='ltr'><strong>canticum</strong></span> <span class='ocrx_word' id='word_1_113' title='bbox 2140 1435 2337 1511; x_wconf 82' lang='lat' dir='ltr'><strong>egisse</strong></span> <span class='ocrx_word' id='word_1_114' title='bbox 2378 1437 2485 1495; x_wconf 84' lang='lat' dir='ltr'><strong>ali-</strong></span> 
     </span>
     <span class='ocr_line' id='line_1_15' title="bbox 300 1521 2487 1604; baseline 0.004 -25"><span class='ocrx_word' id='word_1_115' title='bbox 300 1528 529 1599; x_wconf 88' lang='lat' dir='ltr'><strong>quanto</strong></span> <span class='ocrx_word' id='word_1_116' title='bbox 581 1522 778 1599; x_wconf 88' lang='lat' dir='ltr'><strong>magis</strong></span> <span class='ocrx_word' id='word_1_117' title='bbox 822 1521 1066 1598; x_wconf 84' lang='lat' dir='ltr'><strong>vigente</strong></span> <span class='ocrx_word' id='word_1_118' title='bbox 1105 1527 1293 1595; x_wconf 88' lang='lat' dir='ltr'><strong>motu,</strong></span> <span class='ocrx_word' id='word_1_119' title='bbox 1338 1523 1481 1598; x_wconf 86' lang='lat' dir='ltr'><strong>quia</strong></span> <span class='ocrx_word' id='word_1_120' title='bbox 1519 1523 1675 1582; x_wconf 89' lang='lat' dir='ltr'><strong>nihil</strong></span> <span class='ocrx_word' id='word_1_121' title='bbox 1713 1523 1878 1583; x_wconf 83' lang='lat' dir='ltr'><strong>vocis</strong></span> <span class='ocrx_word' id='word_1_122' title='bbox 1919 1544 2066 1584; x_wconf 88' lang='lat' dir='ltr'><strong>usus</strong></span> <span class='ocrx_word' id='word_1_123' title='bbox 2105 1526 2487 1604; x_wconf 88' lang='lat' dir='ltr'><strong>impediebat.</strong></span> 
     </span>
     <span class='ocr_line' id='line_1_16' title="bbox 299 1613 2486 1693; baseline 0.003 -21"><span class='ocrx_word' id='word_1_124' title='bbox 299 1614 632 1692; x_wconf 85' lang='lat' dir='ltr'><strong>Postquam</strong></span> <span class='ocrx_word' id='word_1_125' title='bbox 659 1615 794 1691; x_wconf 88' lang='lat' dir='ltr'><strong>lege</strong></span> <span class='ocrx_word' id='word_1_126' title='bbox 819 1614 933 1672; x_wconf 68' lang='lat' dir='ltr'><strong>hac</strong></span> <span class='ocrx_word' id='word_1_127' title='bbox 960 1613 1302 1673; x_wconf 85' lang='lat' dir='ltr'><strong>fabularum</strong></span> <span class='ocrx_word' id='word_1_128' title='bbox 1329 1614 1407 1673; x_wconf 83' lang='lat' dir='ltr'><strong>ab</strong></span> <span class='ocrx_word' id='word_1_129' title='bbox 1433 1613 1563 1673; x_wconf 89' lang='lat' dir='ltr'><strong>risu</strong></span> <span class='ocrx_word' id='word_1_130' title='bbox 1590 1635 1661 1674; x_wconf 83' lang='lat' dir='ltr'><strong>ac</strong></span> <span class='ocrx_word' id='word_1_131' title='bbox 1689 1616 1889 1674; x_wconf 90' lang='lat' dir='ltr'><strong>soluto</strong></span> <span class='ocrx_word' id='word_1_132' title='bbox 1909 1617 2049 1693; x_wconf 89' lang='lat' dir='ltr'><strong>joco</strong></span> <span class='ocrx_word' id='word_1_133' title='bbox 2075 1638 2172 1676; x_wconf 89' lang='lat' dir='ltr'><strong>res</strong></span> <span class='ocrx_word' id='word_1_134' title='bbox 2198 1619 2486 1679; x_wconf 84' lang='lat' dir='ltr'><strong>avocaba-</strong></span> 
     </span>
     <span class='ocr_line' id='line_1_17' title="bbox 297 1705 2487 1785; baseline 0.003 -21"><span class='ocrx_word' id='word_1_135' title='bbox 297 1713 420 1776; x_wconf 82' lang='lat' dir='ltr'><strong>tur,</strong></span> <span class='ocrx_word' id='word_1_136' title='bbox 449 1712 514 1764; x_wconf 87' lang='lat' dir='ltr'><strong>et</strong></span> <span class='ocrx_word' id='word_1_137' title='bbox 539 1706 720 1764; x_wconf 91' lang='lat' dir='ltr'><strong>ludus</strong></span> <span class='ocrx_word' id='word_1_138' title='bbox 747 1705 813 1764; x_wconf 93' lang='lat' dir='ltr'><strong>in</strong></span> <span class='ocrx_word' id='word_1_139' title='bbox 839 1711 1035 1763; x_wconf 85' lang='lat' dir='ltr'><strong>artem</strong></span> <span class='ocrx_word' id='word_1_140' title='bbox 1063 1705 1382 1782; x_wconf 75' lang='lat' dir='ltr'><strong>paullatim</strong></span> <span class='ocrx_word' id='word_1_141' title='bbox 1408 1711 1711 1778; x_wconf 84' lang='lat' dir='ltr'><strong>verterat3</strong></span> <span class='ocrx_word' id='word_1_142' title='bbox 1744 1707 2057 1785; x_wconf 84' lang='lat' dir='ltr'><strong>juventus,</strong></span> <span class='ocrx_word' id='word_1_143' title='bbox 2089 1709 2487 1771; x_wconf 84' lang='lat' dir='ltr'><strong>histrionibus</strong></span> 
     </span>
     <span class='ocr_line' id='line_1_18' title="bbox 298 1797 2489 1878; baseline 0.002 -21"><span class='ocrx_word' id='word_1_144' title='bbox 298 1798 657 1858; x_wconf 86' lang='lat' dir='ltr'><strong>fabellarum</strong></span> <span class='ocrx_word' id='word_1_145' title='bbox 712 1803 855 1856; x_wconf 86' lang='lat' dir='ltr'><strong>actu</strong></span> <span class='ocrx_word' id='word_1_146' title='bbox 908 1798 1138 1868; x_wconf 88' lang='lat' dir='ltr'><strong>relicto,</strong></span> <span class='ocrx_word' id='word_1_147' title='bbox 1193 1797 1330 1874; x_wconf 84' lang='lat' dir='ltr'><strong>ipsa</strong></span> <span class='ocrx_word' id='word_1_148' title='bbox 1379 1797 1543 1856; x_wconf 87' lang='lat' dir='ltr'><strong>inter</strong></span> <span class='ocrx_word' id='word_1_149' title='bbox 1593 1817 1659 1857; x_wconf 90' lang='lat' dir='ltr'><strong>se</strong></span> <span class='ocrx_word' id='word_1_150' title='bbox 1710 1818 1876 1859; x_wconf 90' lang='lat' dir='ltr'><strong>more</strong></span> <span class='ocrx_word' id='word_1_151' title='bbox 1927 1802 2179 1878; x_wconf 86' lang='lat' dir='ltr'><strong>antiquo</strong></span> <span class='ocrx_word' id='word_1_152' title='bbox 2230 1803 2489 1862; x_wconf 90' lang='lat' dir='ltr'><strong>ridicula</strong></span> 
     </span>
     <span class='ocr_line' id='line_1_19' title="bbox 297 1889 2485 1973; baseline 0.003 -25"><span class='ocrx_word' id='word_1_153' title='bbox 297 1891 540 1950; x_wconf 83' lang='lat' dir='ltr'><strong>intexta</strong></span> <span class='ocrx_word' id='word_1_154' title='bbox 579 1892 855 1951; x_wconf 85' lang='lat' dir='ltr'><strong>versibus</strong></span> <span class='ocrx_word' id='word_1_155' title='bbox 889 1890 1171 1967; x_wconf 84' lang='lat' dir='ltr'><strong>jactitare</strong></span> <span class='ocrx_word' id='word_1_156' title='bbox 1210 1889 1432 1967; x_wconf 83' lang='lat' dir='ltr'><strong>coepit3</strong></span> <span class='ocrx_word' id='word_1_157' title='bbox 1493 1909 1625 1966; x_wconf 83' lang='lat' dir='ltr'><strong>quoe</strong></span> <span class='ocrx_word' id='word_1_158' title='bbox 1666 1891 1879 1950; x_wconf 84' lang='lat' dir='ltr'><strong>exodia</strong></span> <span class='ocrx_word' id='word_1_159' title='bbox 1920 1897 2130 1969; x_wconf 86' lang='lat' dir='ltr'><strong>postea</strong></span> <span class='ocrx_word' id='word_1_160' title='bbox 2171 1896 2485 1973; x_wconf 88' lang='lat' dir='ltr'><strong>appellata,</strong></span> 
     </span>
     <span class='ocr_line' id='line_1_20' title="bbox 299 1983 2356 2064; baseline 0.002 -20"><span class='ocrx_word' id='word_1_161' title='bbox 299 1990 695 2063; x_wconf 81' lang='lat' dir='ltr'><strong>consertaque</strong></span> <span class='ocrx_word' id='word_1_162' title='bbox 721 1984 959 2043; x_wconf 82' lang='lat' dir='ltr'><strong>fabellis</strong></span> <span class='ocrx_word' id='word_1_163' title='bbox 987 1983 1369 2064; x_wconf 89' lang='lat' dir='ltr'><strong>potissimum</strong></span> <span class='ocrx_word' id='word_1_164' title='bbox 1399 1983 1693 2044; x_wconf 84' lang='lat' dir='ltr'><strong>Atellanis</strong></span> <span class='ocrx_word' id='word_1_165' title='bbox 1720 1986 2135 2062; x_wconf 78' lang='lat' dir='ltr'><strong>sunt.·—LIVY,</strong></span> <span class='ocrx_word' id='word_1_166' title='bbox 2166 2005 2268 2048; x_wconf 59' lang='grc' dir='ltr'><strong>ΥΠ,</strong></span> <span class='ocrx_word' id='word_1_167' title='bbox 2300 1989 2356 2051; x_wconf 84' lang='grc'><strong>2.</strong></span> 
     </span>
    </p>
   </div>
   <div class='ocr_carea' id='block_1_3' title="bbox 1271 2216 1513 2279">
    <p class='ocr_par' dir='ltr' id='par_1_3' title="bbox 1271 2216 1513 2279">
     <span class='ocr_line' id='line_1_21' title="bbox 1271 2216 1513 2279; baseline 0.017 -4"><span class='ocrx_word' id='word_1_168' title='bbox 1271 2216 1513 2279; x_wconf 89' lang='grc' dir='ltr'>ΧΧΙΧ.</span> 
     </span>
    </p>
   </div>
   <div class='ocr_carea' id='block_1_4' title="bbox 287 2348 2489 3723">
    <p class='ocr_par' dir='ltr' id='par_1_4' title="bbox 287 2348 2489 3723">
     <span class='ocr_line' id='line_1_22' title="bbox 419 2348 2485 2427; baseline 0.004 -20"><span class='ocrx_word' id='word_1_169' title='bbox 419 2348 522 2409; x_wconf 86' lang='lat' dir='ltr'><strong>Ita</strong></span> <span class='ocrx_word' id='word_1_170' title='bbox 548 2370 736 2427; x_wconf 91' lang='lat' dir='ltr'><strong>quum</strong></span> <span class='ocrx_word' id='word_1_171' title='bbox 764 2349 994 2409; x_wconf 89' lang='lat' dir='ltr'><strong>indices</strong></span> <span class='ocrx_word' id='word_1_172' title='bbox 1033 2348 1211 2407; x_wconf 89' lang='lat' dir='ltr'><strong>ambo</strong></span> <span class='ocrx_word' id='word_1_173' title='bbox 1239 2349 1305 2406; x_wconf 94' lang='lat' dir='ltr'><strong>in</strong></span> <span class='ocrx_word' id='word_1_174' title='bbox 1343 2353 1645 2427; x_wconf 81' lang='lat' dir='ltr'><strong>potestate</strong></span> <span class='ocrx_word' id='word_1_175' title='bbox 1672 2354 1891 2423; x_wconf 86' lang='lat' dir='ltr'><strong>essent,</strong></span> <span class='ocrx_word' id='word_1_176' title='bbox 1922 2372 2049 2411; x_wconf 91' lang='lat' dir='ltr'><strong>rem</strong></span> <span class='ocrx_word' id='word_1_177' title='bbox 2090 2355 2168 2413; x_wconf 88' lang='lat' dir='ltr'><strong>ad</strong></span> <span class='ocrx_word' id='word_1_178' title='bbox 2208 2360 2485 2415; x_wconf 89' lang='lat' dir='ltr'><strong>senatum</strong></span> 
     </span>
     <span class='ocr_line' id='line_1_23' title="bbox 295 2441 2489 2525; baseline 0.003 -24"><span class='ocrx_word' id='word_1_179' title='bbox 295 2443 513 2501; x_wconf 86' lang='lat' dir='ltr'><strong>consul</strong></span> <span class='ocrx_word' id='word_1_180' title='bbox 552 2442 761 2515; x_wconf 86' lang='lat' dir='ltr'><strong>defert,</strong></span> <span class='ocrx_word' id='word_1_181' title='bbox 792 2442 1072 2501; x_wconf 88' lang='lat' dir='ltr'><strong>omnibus</strong></span> <span class='ocrx_word' id='word_1_182' title='bbox 1111 2441 1321 2501; x_wconf 90' lang='lat' dir='ltr'><strong>ordine</strong></span> <span class='ocrx_word' id='word_1_183' title='bbox 1363 2443 1668 2521; x_wconf 88' lang='lat' dir='ltr'><strong>expositis,</strong></span> <span class='ocrx_word' id='word_1_184' title='bbox 1701 2463 1832 2519; x_wconf 84' lang='lat' dir='ltr'><strong>quoe</strong></span> <span class='ocrx_word' id='word_1_185' title='bbox 1873 2445 2073 2504; x_wconf 89' lang='lat' dir='ltr'><strong>delata</strong></span> <span class='ocrx_word' id='word_1_186' title='bbox 2111 2447 2325 2524; x_wconf 91' lang='lat' dir='ltr'><strong>primo,</strong></span> <span class='ocrx_word' id='word_1_187' title='bbox 2354 2469 2489 2525; x_wconf 86' lang='lat' dir='ltr'><strong>quae</strong></span> 
     </span>
     <span class='ocr_line' id='line_1_24' title="bbox 297 2533 2482 2617; baseline 0.003 -24"><span class='ocrx_word' id='word_1_188' title='bbox 297 2536 519 2594; x_wconf 90' lang='lat' dir='ltr'><strong>deinde</strong></span> <span class='ocrx_word' id='word_1_189' title='bbox 544 2536 623 2595; x_wconf 87' lang='lat' dir='ltr'><strong>ab</strong></span> <span class='ocrx_word' id='word_1_190' title='bbox 651 2555 714 2594; x_wconf 90' lang='lat' dir='ltr'><strong>se</strong></span> <span class='ocrx_word' id='word_1_191' title='bbox 741 2535 1034 2612; x_wconf 87' lang='lat' dir='ltr'><strong>inquisita</strong></span> <span class='ocrx_word' id='word_1_192' title='bbox 1057 2533 1276 2595; x_wconf 81' lang='lat' dir='ltr'><strong>forent.</strong></span> <span class='ocrx_word' id='word_1_193' title='bbox 1358 2534 1572 2593; x_wconf 87' lang='lat' dir='ltr'><strong>Patres</strong></span> <span class='ocrx_word' id='word_1_194' title='bbox 1598 2555 1789 2613; x_wconf 84' lang='lat' dir='ltr'><strong>pavor</strong></span> <span class='ocrx_word' id='word_1_195' title='bbox 1815 2536 2029 2615; x_wconf 87' lang='lat' dir='ltr'><strong>ingens</strong></span> <span class='ocrx_word' id='word_1_196' title='bbox 2057 2540 2261 2617; x_wconf 84' lang='lat' dir='ltr'><strong>coepit,</strong></span> <span class='ocrx_word' id='word_1_197' title='bbox 2291 2560 2482 2617; x_wconf 89' lang='lat' dir='ltr'><strong>quum</strong></span> 
     </span>
     <span class='ocr_line' id='line_1_25' title="bbox 295 2626 2483 2706; baseline 0.004 -21"><span class='ocrx_word' id='word_1_198' title='bbox 295 2628 540 2705; x_wconf 87' lang='lat' dir='ltr'><strong>publico</strong></span> <span class='ocrx_word' id='word_1_199' title='bbox 570 2626 829 2698; x_wconf 91' lang='lat' dir='ltr'><strong>nomine,</strong></span> <span class='ocrx_word' id='word_1_200' title='bbox 874 2645 950 2685; x_wconf 87' lang='lat' dir='ltr'><strong>ne</strong></span> <span class='ocrx_word' id='word_1_201' title='bbox 1005 2626 1152 2703; x_wconf 85' lang='lat' dir='ltr'><strong>quid</strong></span> <span class='ocrx_word' id='word_1_202' title='bbox 1205 2644 1285 2684; x_wconf 81' lang='lat' dir='ltr'><strong>eae</strong></span> <span class='ocrx_word' id='word_1_203' title='bbox 1339 2627 1784 2703; x_wconf 87' lang='lat' dir='ltr'><strong>conjurationes</strong></span> <span class='ocrx_word' id='word_1_204' title='bbox 1836 2633 2145 2706; x_wconf 79' lang='lat' dir='ltr'><strong>coetusque</strong></span> <span class='ocrx_word' id='word_1_205' title='bbox 2198 2634 2483 2693; x_wconf 83' lang='lat' dir='ltr'><strong>nocturni</strong></span> 
     </span>
     <span class='ocr_line' id='line_1_26' title="bbox 297 2718 2483 2797; baseline 0.004 -22"><span class='ocrx_word' id='word_1_206' title='bbox 297 2720 528 2778; x_wconf 85' lang='lat' dir='ltr'><strong>fraudis</strong></span> <span class='ocrx_word' id='word_1_207' title='bbox 569 2720 817 2779; x_wconf 84' lang='lat' dir='ltr'><strong>occultae</strong></span> <span class='ocrx_word' id='word_1_208' title='bbox 845 2723 953 2777; x_wconf 84' lang='lat' dir='ltr'><strong>aut</strong></span> <span class='ocrx_word' id='word_1_209' title='bbox 992 2718 1242 2795; x_wconf 87' lang='lat' dir='ltr'><strong>periculi</strong></span> <span class='ocrx_word' id='word_1_210' title='bbox 1283 2718 1700 2795; x_wconf 85' lang='lat' dir='ltr'><strong>importarent,</strong></span> <span class='ocrx_word' id='word_1_211' title='bbox 1730 2723 1865 2777; x_wconf 87' lang='lat' dir='ltr'><strong>tum</strong></span> <span class='ocrx_word' id='word_1_212' title='bbox 1904 2721 2191 2797; x_wconf 87' lang='lat' dir='ltr'><strong>privatim</strong></span> <span class='ocrx_word' id='word_1_213' title='bbox 2232 2742 2483 2783; x_wconf 86' lang='lat' dir='ltr'><strong>suorum</strong></span> 
     </span>
     <span class='ocr_line' id='line_1_27' title="bbox 293 2808 2480 2888; baseline 0.004 -19"><span class='ocrx_word' id='word_1_214' title='bbox 293 2809 506 2883; x_wconf 88' lang='lat' dir='ltr'><strong>vicem,</strong></span> <span class='ocrx_word' id='word_1_215' title='bbox 552 2830 631 2869; x_wconf 92' lang='lat' dir='ltr'><strong>ne</strong></span> <span class='ocrx_word' id='word_1_216' title='bbox 671 2812 807 2888; x_wconf 88' lang='lat' dir='ltr'><strong>quis</strong></span> <span class='ocrx_word' id='word_1_217' title='bbox 847 2808 1043 2868; x_wconf 91' lang='lat' dir='ltr'><strong>affinis</strong></span> <span class='ocrx_word' id='word_1_218' title='bbox 1086 2810 1142 2867; x_wconf 92' lang='lat' dir='ltr'><strong>ei</strong></span> <span class='ocrx_word' id='word_1_219' title='bbox 1187 2829 1358 2867; x_wconf 81' lang='lat' dir='ltr'><strong>noxoe</strong></span> <span class='ocrx_word' id='word_1_220' title='bbox 1408 2814 1581 2869; x_wconf 90' lang='lat' dir='ltr'><strong>esset.</strong></span> <span class='ocrx_word' id='word_1_221' title='bbox 1682 2808 1952 2869; x_wconf 81' lang='lat' dir='ltr'><strong>Censuit·</strong></span> <span class='ocrx_word' id='word_1_222' title='bbox 1979 2824 2185 2871; x_wconf 88' lang='lat' dir='ltr'><strong>autem</strong></span> <span class='ocrx_word' id='word_1_223' title='bbox 2233 2820 2480 2877; x_wconf 88' lang='lat' dir='ltr'><strong>senatus</strong></span> 
     </span>
     <span class='ocr_line' id='line_1_28' title="bbox 294 2901 2481 2981; baseline 0.004 -21"><span class='ocrx_word' id='word_1_224' title='bbox 294 2903 523 2980; x_wconf 84' lang='lat' dir='ltr'><strong>gratias</strong></span> <span class='ocrx_word' id='word_1_225' title='bbox 551 2903 786 2962; x_wconf 89' lang='lat' dir='ltr'><strong>consuli</strong></span> <span class='ocrx_word' id='word_1_226' title='bbox 827 2902 1118 2979; x_wconf 78' lang='lat' dir='ltr'><strong>agendae,·</strong></span> <span class='ocrx_word' id='word_1_227' title='bbox 1138 2901 1301 2978; x_wconf 90' lang='lat' dir='ltr'><strong>quod</strong></span> <span class='ocrx_word' id='word_1_228' title='bbox 1341 2921 1476 2960; x_wconf 83' lang='lat' dir='ltr'><strong>eam</strong></span> <span class='ocrx_word' id='word_1_229' title='bbox 1508 2920 1634 2959; x_wconf 92' lang='lat' dir='ltr'><strong>rem</strong></span> <span class='ocrx_word' id='word_1_230' title='bbox 1663 2909 1724 2959; x_wconf 88' lang='lat' dir='ltr'><strong>et</strong></span> <span class='ocrx_word' id='word_1_231' title='bbox 1749 2922 1885 2960; x_wconf 89' lang='lat' dir='ltr'><strong>cum</strong></span> <span class='ocrx_word' id='word_1_232' title='bbox 1930 2904 2223 2981; x_wconf 86' lang='lat' dir='ltr'><strong>singulari</strong></span> <span class='ocrx_word' id='word_1_233' title='bbox 2249 2908 2394 2967; x_wconf 68' lang='lat' dir='ltr'><strong>cura</strong></span> <span class='ocrx_word' id='word_1_234' title='bbox 2419 2915 2481 2968; x_wconf 91' lang='lat' dir='ltr'><strong>et</strong></span> 
     </span>
     <span class='ocr_line' id='line_1_29' title="bbox 293 2991 2473 3073; baseline 0.004 -20"><span class='ocrx_word' id='word_1_235' title='bbox 293 2996 424 3053; x_wconf 87' lang='lat' dir='ltr'><strong>sine</strong></span> <span class='ocrx_word' id='word_1_236' title='bbox 462 2995 588 3053; x_wconf 91' lang='lat' dir='ltr'><strong>ullo</strong></span> <span class='ocrx_word' id='word_1_237' title='bbox 630 2995 898 3054; x_wconf 86' lang='lat' dir='ltr'><strong>tumultu</strong></span> <span class='ocrx_word' id='word_1_238' title='bbox 939 2991 1385 3073; x_wconf 64' lang='lat' dir='ltr'><strong>investigasset.</strong></span> <span class='ocrx_word' id='word_1_239' title='bbox 1469 2992 1874 3067; x_wconf 77' lang='lat' dir='ltr'><strong>Quaestionem</strong></span> <span class='ocrx_word' id='word_1_240' title='bbox 1913 2996 2129 3058; x_wconf 88' lang='lat' dir='ltr'><strong>deinde</strong></span> <span class='ocrx_word' id='word_1_241' title='bbox 2171 3000 2246 3058; x_wconf 92' lang='lat' dir='ltr'><strong>de</strong></span> <span class='ocrx_word' id='word_1_242' title='bbox 2287 3002 2473 3061; x_wconf 85' lang='lat' dir='ltr'><strong>sacris</strong></span> 
     </span>
     <span class='ocr_line' id='line_1_30' title="bbox 293 3083 2476 3164; baseline 0.005 -19"><span class='ocrx_word' id='word_1_243' title='bbox 293 3088 606 3147; x_wconf 84' lang='lat' dir='ltr'><strong>nocturnis</strong></span> <span class='ocrx_word' id='word_1_244' title='bbox 631 3092 802 3145; x_wconf 84' lang='lat' dir='ltr'><strong>extra</strong></span> <span class='ocrx_word' id='word_1_245' title='bbox 828 3086 1102 3145; x_wconf 89' lang='lat' dir='ltr'><strong>ordinem</strong></span> <span class='ocrx_word' id='word_1_246' title='bbox 1130 3083 1478 3145; x_wconf 83' lang='lat' dir='ltr'><strong>consulibus</strong></span> <span class='ocrx_word' id='word_1_247' title='bbox 1500 3088 1794 3146; x_wconf 87' lang='lat' dir='ltr'><strong>mandant</strong></span> <span class='ocrx_word' id='word_1_248' title='bbox 1817 3113 1831 3148; x_wconf 74' lang='grc' dir='ltr'><strong>ε</strong></span> <span class='ocrx_word' id='word_1_249' title='bbox 1874 3088 2191 3164; x_wconf 74' lang='lat' dir='ltr'><strong>indicibuS,</strong></span> <span class='ocrx_word' id='word_1_250' title='bbox 2214 3094 2476 3155; x_wconf 85' lang='lat' dir='ltr'><strong>AEbutio</strong></span> 
     </span>
     <span class='ocr_line' id='line_1_31' title="bbox 291 3178 2477 3262; baseline 0.004 -23"><span class='ocrx_word' id='word_1_251' title='bbox 291 3200 363 3239; x_wconf 81' lang='lat' dir='ltr'><strong>ac</strong></span> <span class='ocrx_word' id='word_1_252' title='bbox 390 3180 674 3249; x_wconf 74' lang='lat' dir='ltr'><strong>Feceniae,</strong></span> <span class='ocrx_word' id='word_1_253' title='bbox 703 3199 781 3237; x_wconf 92' lang='lat' dir='ltr'><strong>ne</strong></span> <span class='ocrx_word' id='word_1_254' title='bbox 803 3178 1007 3237; x_wconf 82' lang='lat' dir='ltr'><strong>fraudi</strong></span> <span class='ocrx_word' id='word_1_255' title='bbox 1036 3197 1106 3236; x_wconf 88' lang='lat' dir='ltr'><strong>ea</strong></span> <span class='ocrx_word' id='word_1_256' title='bbox 1123 3197 1220 3236; x_wconf 91' lang='lat' dir='ltr'><strong>res</strong></span> <span class='ocrx_word' id='word_1_257' title='bbox 1241 3181 1419 3250; x_wconf 87' lang='lat' dir='ltr'><strong>esset,</strong></span> <span class='ocrx_word' id='word_1_258' title='bbox 1451 3198 1678 3250; x_wconf 90' lang='lat' dir='ltr'><strong>curare,</strong></span> <span class='ocrx_word' id='word_1_259' title='bbox 1702 3184 1762 3238; x_wconf 89' lang='lat' dir='ltr'><strong>et</strong></span> <span class='ocrx_word' id='word_1_260' title='bbox 1788 3181 1939 3240; x_wconf 86' lang='lat' dir='ltr'><strong>alios</strong></span> <span class='ocrx_word' id='word_1_261' title='bbox 1958 3183 2186 3243; x_wconf 83' lang='lat' dir='ltr'><strong>indices</strong></span> <span class='ocrx_word' id='word_1_262' title='bbox 2215 3188 2477 3262; x_wconf 77' lang='lat' dir='ltr'><strong>praemiis</strong></span> 
     </span>
     <span class='ocr_line' id='line_1_32' title="bbox 289 3268 2478 3352; baseline 0.004 -21"><span class='ocrx_word' id='word_1_263' title='bbox 289 3271 550 3331; x_wconf 78' lang='lat' dir='ltr'><strong>invitare</strong></span> <span class='ocrx_word' id='word_1_264' title='bbox 601 3271 835 3349; x_wconf 81' lang='lat' dir='ltr'><strong>jubent.</strong></span> <span class='ocrx_word' id='word_1_265' title='bbox 945 3269 1238 3330; x_wconf 87' lang='lat' dir='ltr'><strong>Consules</strong></span> <span class='ocrx_word' id='word_1_266' title='bbox 1280 3268 1555 3328; x_wconf 74' lang='lat' dir='ltr'><strong>aedilibus</strong></span> <span class='ocrx_word' id='word_1_267' title='bbox 1608 3273 1921 3332; x_wconf 82' lang='lat' dir='ltr'><strong>curulibus</strong></span> <span class='ocrx_word' id='word_1_268' title='bbox 1964 3275 2356 3352; x_wconf 67' lang='lat' dir='ltr'><strong>imperarunt,</strong></span> <span class='ocrx_word' id='word_1_269' title='bbox 2410 3286 2478 3339; x_wconf 90' lang='lat' dir='ltr'><strong>ut</strong></span> 
     </span>
     <span class='ocr_line' id='line_1_33' title="bbox 289 3364 2477 3447; baseline 0.004 -22"><span class='ocrx_word' id='word_1_270' title='bbox 289 3366 629 3425; x_wconf 84' lang='lat' dir='ltr'><strong>sacerdotes</strong></span> <span class='ocrx_word' id='word_1_271' title='bbox 650 3365 778 3442; x_wconf 88' lang='lat' dir='ltr'><strong>ejus</strong></span> <span class='ocrx_word' id='word_1_272' title='bbox 808 3364 965 3426; x_wconf 86' lang='lat' dir='ltr'><strong>sacri</strong></span> <span class='ocrx_word' id='word_1_273' title='bbox 992 3382 1198 3421; x_wconf 89' lang='lat' dir='ltr'><strong>omnes</strong></span> <span class='ocrx_word' id='word_1_274' title='bbox 1219 3364 1659 3439; x_wconf 88' lang='lat' dir='ltr'><strong>conquirerent,</strong></span> <span class='ocrx_word' id='word_1_275' title='bbox 1683 3368 2261 3447; x_wconf 89' lang='lat' dir='ltr'><strong>comprehensosque</strong></span> <span class='ocrx_word' id='word_1_276' title='bbox 2288 3373 2477 3434; x_wconf 89' lang='lat' dir='ltr'><strong>libero</strong></span> 
     </span>
     <span class='ocr_line' id='line_1_34' title="bbox 289 3455 2477 3542; baseline 0.004 -25"><span class='ocrx_word' id='word_1_277' title='bbox 289 3457 562 3517; x_wconf 86' lang='lat' dir='ltr'><strong>conclavi</strong></span> <span class='ocrx_word' id='word_1_278' title='bbox 599 3457 677 3515; x_wconf 86' lang='lat' dir='ltr'><strong>ad</strong></span> <span class='ocrx_word' id='word_1_279' title='bbox 704 3455 1094 3533; x_wconf 75' lang='lat' dir='ltr'><strong>quaestionem</strong></span> <span class='ocrx_word' id='word_1_280' title='bbox 1138 3460 1481 3526; x_wconf 82' lang='lat' dir='ltr'><strong>servarent3</strong></span> <span class='ocrx_word' id='word_1_281' title='bbox 1523 3457 1724 3517; x_wconf 84' lang='lat' dir='ltr'><strong>oediles</strong></span> <span class='ocrx_word' id='word_1_282' title='bbox 1766 3459 1957 3537; x_wconf 92' lang='lat' dir='ltr'><strong>plebis</strong></span> <span class='ocrx_word' id='word_1_283' title='bbox 1984 3461 2207 3535; x_wconf 81' lang='lat' dir='ltr'><strong>videre,</strong></span> <span class='ocrx_word' id='word_1_284' title='bbox 2240 3485 2317 3523; x_wconf 91' lang='lat' dir='ltr'><strong>ne</strong></span> <span class='ocrx_word' id='word_1_285' title='bbox 2356 3471 2477 3542; x_wconf 78' lang='lat' dir='ltr'><strong>qua</strong></span> 
     </span>
     <span class='ocr_line' id='line_1_35' title="bbox 289 3547 2476 3630; baseline 0.004 -21"><span class='ocrx_word' id='word_1_286' title='bbox 289 3570 463 3610; x_wconf 85' lang='lat' dir='ltr'><strong>sacra</strong></span> <span class='ocrx_word' id='word_1_287' title='bbox 487 3550 553 3607; x_wconf 90' lang='lat' dir='ltr'><strong>in</strong></span> <span class='ocrx_word' id='word_1_288' title='bbox 579 3560 790 3627; x_wconf 89' lang='lat' dir='ltr'><strong>operto</strong></span> <span class='ocrx_word' id='word_1_289' title='bbox 816 3548 1046 3607; x_wconf 81' lang='lat' dir='ltr'><strong>fierent.</strong></span> <span class='ocrx_word' id='word_1_290' title='bbox 1105 3547 1468 3608; x_wconf 84' lang='lat' dir='ltr'><strong>Triumviris</strong></span> <span class='ocrx_word' id='word_1_291' title='bbox 1497 3550 1856 3627; x_wconf 84' lang='lat' dir='ltr'><strong>capitalibus</strong></span> <span class='ocrx_word' id='word_1_292' title='bbox 1882 3554 2235 3613; x_wconf 84' lang='lat' dir='ltr'><strong>mandatum</strong></span> <span class='ocrx_word' id='word_1_293' title='bbox 2264 3564 2374 3630; x_wconf 91' lang='lat' dir='ltr'><strong>est,</strong></span> <span class='ocrx_word' id='word_1_294' title='bbox 2406 3568 2476 3619; x_wconf 90' lang='lat' dir='ltr'><strong>ut</strong></span> 
     </span>
     <span class='ocr_line' id='line_1_36' title="bbox 287 3641 2475 3723; baseline 0.005 -22"><span class='ocrx_word' id='word_1_295' title='bbox 287 3642 527 3720; x_wconf 80' lang='lat' dir='ltr'><strong>vigilia-s</strong></span> <span class='ocrx_word' id='word_1_296' title='bbox 568 3642 956 3719; x_wconf 87' lang='lat' dir='ltr'><strong>disponerent</strong></span> <span class='ocrx_word' id='word_1_297' title='bbox 996 3659 1106 3719; x_wconf 90' lang='lat' dir='ltr'><strong>per</strong></span> <span class='ocrx_word' id='word_1_298' title='bbox 1145 3641 1375 3713; x_wconf 85' lang='lat' dir='ltr'><strong>urbem,</strong></span> <span class='ocrx_word' id='word_1_299' title='bbox 1418 3648 1865 3720; x_wconf 84' lang='lat' dir='ltr'><strong>servarentque,</strong></span> <span class='ocrx_word' id='word_1_300' title='bbox 1921 3664 1997 3704; x_wconf 91' lang='lat' dir='ltr'><strong>ne</strong></span> <span class='ocrx_word' id='word_1_301' title='bbox 2048 3647 2154 3723; x_wconf 88' lang='lat' dir='ltr'><strong>qui</strong></span> <span class='ocrx_word' id='word_1_302' title='bbox 2195 3651 2475 3711; x_wconf 85' lang='lat' dir='ltr'><strong>nocturni</strong></span> 
     </span>
    </p>
   </div>
   <div class='ocr_carea' id='block_1_5' title="bbox 287 3734 1421 3879">
    <p class='ocr_par' dir='ltr' id='par_1_5' title="bbox 287 3734 1421 3879">
     <span class='ocr_line' id='line_1_37' title="bbox 287 3734 1354 3809; baseline -0.001 -14"><span class='ocrx_word' id='word_1_303' title='bbox 287 3740 482 3797; x_wconf 85' lang='lat' dir='ltr'><strong>coetus</strong></span> <span class='ocrx_word' id='word_1_304' title='bbox 509 3734 990 3809; x_wconf 66' lang='lat' dir='ltr'><strong>fierent—lawr,</strong></span> <span class='ocrx_word' id='word_1_305' title='bbox 1023 3752 1228 3794; x_wconf 76' lang='lat' dir='ltr'>xxxxx.</span> <span class='ocrx_word' id='word_1_306' title='bbox 1260 3736 1354 3794; x_wconf 84' lang='lat'><strong>14.</strong></span> 
     </span>
     <span class='ocr_line' id='line_1_38' title="bbox 1329 3831 1421 3879; baseline 0 0"><span class='ocrx_word' id='word_1_307' title='bbox 1329 3842 1360 3879; x_wconf 91' lang='lat' dir='ltr'><strong>c</strong></span> <span class='ocrx_word' id='word_1_308' title='bbox 1390 3831 1421 3879; x_wconf 79' lang='lat'><strong>2</strong></span> 
     </span>
    </p>
   </div>
  </div>
 </body>
</html>
