<?xml version="1.0" encoding="UTF-8"?>
<!DOCTYPE html PUBLIC "-//W3C//DTD XHTML 1.0 Transitional//EN"
    "http://www.w3.org/TR/xhtml1/DTD/xhtml1-transitional.dtd">
<html xmlns="http://www.w3.org/1999/xhtml" xml:lang="en" lang="en">
 <head>
  <title>
</title>
<meta http-equiv="Content-Type" content="text/html;charset=utf-8" />
  <meta name='ocr-system' content='tesseract 3.04.00' />
  <meta name='ocr-capabilities' content='ocr_page ocr_carea ocr_par ocr_line ocrx_word'/>
</head>
<body>
  <div class='ocr_page' id='page_1' title='image "./akeytomanuallat00wilkgoog_0020.png"; bbox 0 0 2744 4138; ppageno 0'>
   <div class='ocr_carea' id='block_1_1' title="bbox 1266 151 2489 220">
    <p class='ocr_par' dir='ltr' id='par_1_1' title="bbox 1266 151 2489 220">
     <span class='ocr_line' id='line_1_1' title="bbox 1266 151 2489 220; baseline -0.002 0"><span class='ocrx_word' id='word_1_1' title='bbox 1266 176 1425 220; x_wconf 60' lang='lat' dir='ltr'>mm}</span> <span class='ocrx_word' id='word_1_2' title='bbox 1473 177 1518 220; x_wconf 89' lang='lat'>1.</span> <span class='ocrx_word' id='word_1_3' title='bbox 2451 151 2489 218; x_wconf 77' lang='lat'><strong>9</strong></span> 
     </span>
    </p>
   </div>
   <div class='ocr_carea' id='block_1_2' title="bbox 294 323 2493 1142">
    <p class='ocr_par' dir='ltr' id='par_1_2' title="bbox 294 323 2493 1142">
     <span class='ocr_line' id='line_1_2' title="bbox 296 323 2490 384; baseline -0 -2"><span class='ocrx_word' id='word_1_4' title='bbox 296 323 465 382; x_wconf 82' lang='lat' dir='ltr'>velut</span> <span class='ocrx_word' id='word_1_5' title='bbox 490 344 564 383; x_wconf 86' lang='lat' dir='ltr'>ex</span> <span class='ocrx_word' id='word_1_6' title='bbox 592 345 886 384; x_wconf 73' lang='lat' dir='ltr'>concessae</span> <span class='ocrx_word' id='word_1_7' title='bbox 912 326 1065 384; x_wconf 89' lang='lat' dir='ltr'>artis</span> <span class='ocrx_word' id='word_1_8' title='bbox 1092 345 1210 384; x_wconf 88' lang='lat' dir='ltr'>usu</span> <span class='ocrx_word' id='word_1_9' title='bbox 1230 325 1605 383; x_wconf 80' lang='lat' dir='ltr'>exercebant.</span> <span class='ocrx_word' id='word_1_10' title='bbox 1692 325 1897 382; x_wconf 91' lang='lat' dir='ltr'>Primo</span> <span class='ocrx_word' id='word_1_11' title='bbox 1926 327 2166 382; x_wconf 68' lang='lat' dir='ltr'>secretae</span> <span class='ocrx_word' id='word_1_12' title='bbox 2193 324 2490 382; x_wconf 90' lang='lat' dir='ltr'>bonorum</span> 
     </span>
     <span class='ocr_line' id='line_1_3' title="bbox 294 415 2490 495; baseline 0 -23"><span class='ocrx_word' id='word_1_13' title='bbox 294 415 738 495; x_wconf 71' lang='lat' dir='ltr'>indignationes</span> <span class='ocrx_word' id='word_1_14' title='bbox 785 417 1294 478; x_wconf 72' lang='lat' dir='ltr'>exaudiebantur:</span> <span class='ocrx_word' id='word_1_15' title='bbox 1340 417 1558 474; x_wconf 90' lang='lat' dir='ltr'>deinde</span> <span class='ocrx_word' id='word_1_16' title='bbox 1598 416 1675 475; x_wconf 87' lang='lat' dir='ltr'>ad</span> <span class='ocrx_word' id='word_1_17' title='bbox 1718 416 1932 474; x_wconf 86' lang='lat' dir='ltr'>Patres</span> <span class='ocrx_word' id='word_1_18' title='bbox 1972 421 2035 473; x_wconf 91' lang='lat' dir='ltr'>et</span> <span class='ocrx_word' id='word_1_19' title='bbox 2065 417 2145 472; x_wconf 87' lang='lat' dir='ltr'>ad</span> <span class='ocrx_word' id='word_1_20' title='bbox 2190 416 2490 491; x_wconf 77' lang='lat' dir='ltr'><strong>publicam</strong></span> 
     </span>
     <span class='ocr_line' id='line_1_4' title="bbox 297 507 2492 585; baseline -0 -19"><span class='ocrx_word' id='word_1_21' title='bbox 297 509 735 585; x_wconf 83' lang='lat' dir='ltr'>querimoniam</span> <span class='ocrx_word' id='word_1_22' title='bbox 780 511 1038 569; x_wconf 86' lang='lat' dir='ltr'>excessit</span> <span class='ocrx_word' id='word_1_23' title='bbox 1074 529 1187 568; x_wconf 74' lang='lat' dir='ltr'>ree.</span> <span class='ocrx_word' id='word_1_24' title='bbox 1292 509 1570 567; x_wconf 85' lang='lat' dir='ltr'>Incusati</span> <span class='ocrx_word' id='word_1_25' title='bbox 1605 508 1876 585; x_wconf 83' lang='lat' dir='ltr'>graviter</span> <span class='ocrx_word' id='word_1_26' title='bbox 1913 507 1989 565; x_wconf 83' lang='lat' dir='ltr'>ab</span> <span class='ocrx_word' id='word_1_27' title='bbox 2031 513 2248 566; x_wconf 86' lang='lat' dir='ltr'>senatu</span> <span class='ocrx_word' id='word_1_28' title='bbox 2288 508 2492 566; x_wconf 73' lang='lat' dir='ltr'>aediles&#39;</span> 
     </span>
     <span class='ocr_line' id='line_1_5' title="bbox 294 600 2492 677; baseline -0 -20"><span class='ocrx_word' id='word_1_29' title='bbox 294 600 720 677; x_wconf 83' lang='lat' dir='ltr'>triumvirique</span> <span class='ocrx_word' id='word_1_30' title='bbox 766 602 1071 677; x_wconf 87' lang='lat' dir='ltr'>capitales,</span> <span class='ocrx_word' id='word_1_31' title='bbox 1121 601 1284 677; x_wconf 91' lang='lat' dir='ltr'>quod</span> <span class='ocrx_word' id='word_1_32' title='bbox 1337 621 1462 657; x_wconf 90' lang='lat' dir='ltr'>non</span> <span class='ocrx_word' id='word_1_33' title='bbox 1515 600 1922 677; x_wconf 86' lang='lat' dir='ltr'>prohiberent,</span> <span class='ocrx_word' id='word_1_34' title='bbox 1978 619 2169 677; x_wconf 90' lang='lat' dir='ltr'>quum</span> <span class='ocrx_word' id='word_1_35' title='bbox 2216 617 2492 657; x_wconf 84' lang='lat' dir='ltr'>emovere</span> 
     </span>
     <span class='ocr_line' id='line_1_6' title="bbox 294 693 2492 771; baseline -0.001 -19"><span class='ocrx_word' id='word_1_36' title='bbox 294 713 431 752; x_wconf 87' lang='lat' dir='ltr'>eam</span> <span class='ocrx_word' id='word_1_37' title='bbox 458 694 915 752; x_wconf 72' lang='lat' dir='ltr'>multitudinem</span> <span class='ocrx_word' id='word_1_38' title='bbox 944 715 977 752; x_wconf 91' lang='lat' dir='ltr'>e</span> <span class='ocrx_word' id='word_1_39' title='bbox 1001 693 1151 765; x_wconf 83' lang='lat' dir='ltr'>fore,</span> <span class='ocrx_word' id='word_1_40' title='bbox 1181 713 1253 753; x_wconf 84' lang='lat' dir='ltr'>ac</span> <span class='ocrx_word' id='word_1_41' title='bbox 1280 694 1559 771; x_wconf 73' lang='lat' dir='ltr'>disjicere</span> <span class='ocrx_word' id='word_1_42' title='bbox 1585 697 1915 771; x_wconf 87' lang='lat' dir='ltr'>apparatus</span> <span class='ocrx_word' id='word_1_43' title='bbox 1943 711 2251 752; x_wconf 84' lang='lat' dir='ltr'>sacrorum</span> <span class='ocrx_word' id='word_1_44' title='bbox 2287 693 2492 752; x_wconf 84' lang='lat' dir='ltr'>conati</span> 
     </span>
     <span class='ocr_line' id='line_1_7' title="bbox 297 785 2490 864; baseline 0 -21"><span class='ocrx_word' id='word_1_45' title='bbox 297 792 515 858; x_wconf 78' lang='lat' dir='ltr'>essent,</span> <span class='ocrx_word' id='word_1_46' title='bbox 544 787 706 844; x_wconf 87' lang='lat' dir='ltr'>haud</span> <span class='ocrx_word' id='word_1_47' title='bbox 744 787 956 864; x_wconf 90' lang='lat' dir='ltr'>procul</span> <span class='ocrx_word' id='word_1_48' title='bbox 996 787 1153 845; x_wconf 86' lang='lat' dir='ltr'>afuit</span> <span class='ocrx_word' id='word_1_49' title='bbox 1192 787 1343 864; x_wconf 90' lang='lat' dir='ltr'>quin</span> <span class='ocrx_word' id='word_1_50' title='bbox 1377 787 1769 846; x_wconf 74' lang='lat' dir='ltr'>violarentur.</span> <span class='ocrx_word' id='word_1_51' title='bbox 1852 785 1975 844; x_wconf 89' lang='lat' dir='ltr'>Ubi</span> <span class='ocrx_word' id='word_1_52' title='bbox 2015 786 2326 863; x_wconf 90' lang='lat' dir='ltr'>potentius</span> <span class='ocrx_word' id='word_1_53' title='bbox 2360 786 2490 862; x_wconf 83' lang='lat' dir='ltr'>jam</span> 
     </span>
     <span class='ocr_line' id='line_1_8' title="bbox 296 879 2489 956; baseline 0 -20"><span class='ocrx_word' id='word_1_54' title='bbox 296 897 427 937; x_wconf 86' lang='lat' dir='ltr'>esse</span> <span class='ocrx_word' id='word_1_55' title='bbox 452 879 519 936; x_wconf 93' lang='lat' dir='ltr'>id</span> <span class='ocrx_word' id='word_1_56' title='bbox 545 880 772 937; x_wconf 89' lang='lat' dir='ltr'>malum</span> <span class='ocrx_word' id='word_1_57' title='bbox 800 879 1102 956; x_wconf 84' lang='lat' dir='ltr'>apparuit,</span> <span class='ocrx_word' id='word_1_58' title='bbox 1130 885 1415 956; x_wconf 30' lang='lat' dir='ltr'>quam-ut</span> <span class='ocrx_word' id='word_1_59' title='bbox 1455 880 1718 937; x_wconf 87' lang='lat' dir='ltr'>minores</span> <span class='ocrx_word' id='word_1_60' title='bbox 1753 899 1864 955; x_wconf 87' lang='lat' dir='ltr'>per</span> <span class='ocrx_word' id='word_1_61' title='bbox 1899 879 2294 956; x_wconf 79' lang='lat' dir='ltr'>magistratus</span> <span class='ocrx_word' id='word_1_62' title='bbox 2321 879 2489 936; x_wconf 85' lang='lat' dir='ltr'>seda-</span> 
     </span>
     <span class='ocr_line' id='line_1_9' title="bbox 296 970 2493 1049; baseline -0.001 -20"><span class='ocrx_word' id='word_1_63' title='bbox 296 975 480 1043; x_wconf 88' lang='lat' dir='ltr'>retur,</span> <span class='ocrx_word' id='word_1_64' title='bbox 509 972 594 1029; x_wconf 89' lang='lat' dir='ltr'>M.</span> <span class='ocrx_word' id='word_1_65' title='bbox 625 970 814 1031; x_wconf 88' lang='lat' dir='ltr'>Atilio</span> <span class='ocrx_word' id='word_1_66' title='bbox 852 972 1101 1049; x_wconf 82' lang='lat' dir='ltr'>praetori</span> <span class='ocrx_word' id='word_1_67' title='bbox 1126 971 1294 1030; x_wconf 87' lang='lat' dir='ltr'>urbis</span> <span class='ocrx_word' id='word_1_68' title='bbox 1328 971 1646 1047; x_wconf 85' lang='lat' dir='ltr'>negotium</span> <span class='ocrx_word' id='word_1_69' title='bbox 1681 973 1759 1030; x_wconf 90' lang='lat' dir='ltr'>ab</span> <span class='ocrx_word' id='word_1_70' title='bbox 1797 975 2014 1029; x_wconf 88' lang='lat' dir='ltr'>senatu</span> <span class='ocrx_word' id='word_1_71' title='bbox 2041 971 2253 1029; x_wconf 89' lang='lat' dir='ltr'>datum</span> <span class='ocrx_word' id='word_1_72' title='bbox 2278 974 2388 1043; x_wconf 90' lang='lat' dir='ltr'>est,</span> <span class='ocrx_word' id='word_1_73' title='bbox 2420 974 2493 1028; x_wconf 88' lang='lat' dir='ltr'>ut</span> 
     </span>
     <span class='ocr_line' id='line_1_10' title="bbox 295 1062 1953 1142; baseline 0.002 -23"><span class='ocrx_word' id='word_1_74' title='bbox 295 1062 392 1121; x_wconf 86' lang='lat' dir='ltr'>his</span> <span class='ocrx_word' id='word_1_75' title='bbox 418 1062 811 1140; x_wconf 83' lang='lat' dir='ltr'>religionibus</span> <span class='ocrx_word' id='word_1_76' title='bbox 837 1064 1126 1142; x_wconf 88' lang='lat' dir='ltr'>populum</span> <span class='ocrx_word' id='word_1_77' title='bbox 1152 1063 1706 1135; x_wconf 51' lang='lat' dir='ltr'>liberaret—Lm,</span> <span class='ocrx_word' id='word_1_78' title='bbox 1735 1079 1866 1120; x_wconf 81' lang='lat' dir='ltr'>xxv.</span> <span class='ocrx_word' id='word_1_79' title='bbox 1897 1064 1953 1122; x_wconf 92' lang='lat'>1.</span> 
     </span>
    </p>
   </div>
   <div class='ocr_carea' id='block_1_3' title="bbox 1300 1253 1484 1312">
    <p class='ocr_par' dir='ltr' id='par_1_3' title="bbox 1300 1253 1484 1312">
     <span class='ocr_line' id='line_1_11' title="bbox 1300 1253 1484 1312; baseline 0.011 -2"><span class='ocrx_word' id='word_1_80' title='bbox 1300 1253 1484 1312; x_wconf 90' lang='lat' dir='ltr'><strong>XIV.</strong></span> 
     </span>
    </p>
   </div>
   <div class='ocr_carea' id='block_1_4' title="bbox 290 1381 2494 3035">
    <p class='ocr_par' dir='ltr' id='par_1_4' title="bbox 290 1381 2494 3035">
     <span class='ocr_line' id='line_1_12' title="bbox 411 1381 2492 1459; baseline 0 -19"><span class='ocrx_word' id='word_1_81' title='bbox 411 1381 583 1441; x_wconf 87' lang='lat' dir='ltr'>Vitia</span> <span class='ocrx_word' id='word_1_82' title='bbox 621 1381 965 1441; x_wconf 72' lang='lat' dir='ltr'>tribunatus</span> <span class='ocrx_word' id='word_1_83' title='bbox 997 1383 1278 1459; x_wconf 84' lang='lat' dir='ltr'>praeclare</span> <span class='ocrx_word' id='word_1_84' title='bbox 1315 1381 1623 1459; x_wconf 88' lang='lat' dir='ltr'>perspicis.</span> <span class='ocrx_word' id='word_1_85' title='bbox 1710 1381 1831 1440; x_wconf 88' lang='lat' dir='ltr'>Sed</span> <span class='ocrx_word' id='word_1_86' title='bbox 1859 1386 1950 1441; x_wconf 88' lang='lat' dir='ltr'>est</span> <span class='ocrx_word' id='word_1_87' title='bbox 1976 1381 2203 1459; x_wconf 78' lang='lat' dir='ltr'>iniqua,</span> <span class='ocrx_word' id='word_1_88' title='bbox 2234 1382 2299 1440; x_wconf 89' lang='lat' dir='ltr'>iu</span> <span class='ocrx_word' id='word_1_89' title='bbox 2326 1382 2492 1441; x_wconf 91' lang='lat' dir='ltr'>omni</span> 
     </span>
     <span class='ocr_line' id='line_1_13' title="bbox 293 1474 2490 1553; baseline 0.001 -21"><span class='ocrx_word' id='word_1_90' title='bbox 293 1493 359 1532; x_wconf 90' lang='lat' dir='ltr'>re</span> <span class='ocrx_word' id='word_1_91' title='bbox 386 1475 740 1547; x_wconf 71' lang='lat' dir='ltr'>accusanda,</span> <span class='ocrx_word' id='word_1_92' title='bbox 768 1475 1190 1553; x_wconf 65' lang='lat' dir='ltr'>praetermissis</span> <span class='ocrx_word' id='word_1_93' title='bbox 1217 1476 1408 1546; x_wconf 85' lang='lat' dir='ltr'>bonis,</span> <span class='ocrx_word' id='word_1_94' title='bbox 1439 1477 1738 1533; x_wconf 88' lang='lat' dir='ltr'>malorum</span> <span class='ocrx_word' id='word_1_95' title='bbox 1758 1476 2152 1547; x_wconf 83' lang='lat' dir='ltr'>enumeratiO,</span> <span class='ocrx_word' id='word_1_96' title='bbox 2174 1474 2490 1534; x_wconf 85' lang='lat' dir='ltr'>vitiorum-</span> 
     </span>
     <span class='ocr_line' id='line_1_14' title="bbox 294 1565 2494 1645; baseline 0 -21"><span class='ocrx_word' id='word_1_97' title='bbox 294 1587 413 1644; x_wconf 87' lang='lat' dir='ltr'>que</span> <span class='ocrx_word' id='word_1_98' title='bbox 455 1569 715 1627; x_wconf 87' lang='lat' dir='ltr'>selecti0.</span> <span class='ocrx_word' id='word_1_99' title='bbox 797 1568 954 1625; x_wconf 88' lang='lat' dir='ltr'>Nam</span> <span class='ocrx_word' id='word_1_100' title='bbox 994 1569 1112 1626; x_wconf 89' lang='lat' dir='ltr'>isto</span> <span class='ocrx_word' id='word_1_101' title='bbox 1148 1567 1396 1645; x_wconf 90' lang='lat' dir='ltr'>quidem</span> <span class='ocrx_word' id='word_1_102' title='bbox 1436 1567 1614 1624; x_wconf 91' lang='lat' dir='ltr'>modo</span> <span class='ocrx_word' id='word_1_103' title='bbox 1655 1567 1752 1625; x_wconf 88' lang='lat' dir='ltr'>vel</span> <span class='ocrx_word' id='word_1_104' title='bbox 1793 1567 2146 1624; x_wconf 88' lang='lat' dir='ltr'>consulatus</span> <span class='ocrx_word' id='word_1_105' title='bbox 2187 1565 2494 1643; x_wconf 81' lang='lat' dir='ltr'>vituperio</span> 
     </span>
     <span class='ocr_line' id='line_1_15' title="bbox 294 1649 2494 1736; baseline 0 -20"><span class='ocrx_word' id='word_1_106' title='bbox 294 1649 405 1730; x_wconf 86' lang='lat' dir='ltr'>est,</span> <span class='ocrx_word' id='word_1_107' title='bbox 436 1659 487 1717; x_wconf 90' lang='lat' dir='ltr'>si</span> <span class='ocrx_word' id='word_1_108' title='bbox 514 1660 851 1730; x_wconf 87' lang='lat' dir='ltr'>consulum,</span> <span class='ocrx_word' id='word_1_109' title='bbox 883 1678 1033 1736; x_wconf 88' lang='lat' dir='ltr'>quos</span> <span class='ocrx_word' id='word_1_110' title='bbox 1069 1675 1426 1717; x_wconf 86' lang='lat' dir='ltr'>enumerare·</span> <span class='ocrx_word' id='word_1_111' title='bbox 1457 1659 1615 1730; x_wconf 90' lang='lat' dir='ltr'>n010,</span> <span class='ocrx_word' id='word_1_112' title='bbox 1651 1663 1901 1736; x_wconf 82' lang='lat' dir='ltr'>peccata</span> <span class='ocrx_word' id='word_1_113' title='bbox 1947 1657 2274 1733; x_wconf 77' lang='lat' dir='ltr'>collegeriS.</span> <span class='ocrx_word' id='word_1_114' title='bbox 2359 1657 2494 1734; x_wconf 85' lang='lat' dir='ltr'>Ego</span> 
     </span>
     <span class='ocr_line' id='line_1_16' title="bbox 293 1744 2491 1829; baseline 0 -23"><span class='ocrx_word' id='word_1_115' title='bbox 293 1750 455 1807; x_wconf 88' lang='lat' dir='ltr'>enim</span> <span class='ocrx_word' id='word_1_116' title='bbox 480 1750 675 1809; x_wconf 83' lang='lat' dir='ltr'>fateor</span> <span class='ocrx_word' id='word_1_117' title='bbox 699 1750 766 1807; x_wconf 92' lang='lat' dir='ltr'>in</span> <span class='ocrx_word' id='word_1_118' title='bbox 800 1748 917 1809; x_wconf 71' lang='lat' dir='ltr'>ista</span> <span class='ocrx_word' id='word_1_119' title='bbox 955 1755 1257 1829; x_wconf 87' lang='lat' dir='ltr'>potestate</span> <span class='ocrx_word' id='word_1_120' title='bbox 1282 1749 1480 1808; x_wconf 86' lang='lat' dir='ltr'>inesse</span> <span class='ocrx_word' id='word_1_121' title='bbox 1508 1748 1798 1826; x_wconf 89' lang='lat' dir='ltr'>quiddam</span> <span class='ocrx_word' id='word_1_122' title='bbox 1827 1748 1988 1806; x_wconf 86' lang='lat' dir='ltr'>mali.</span> <span class='ocrx_word' id='word_1_123' title='bbox 2077 1744 2199 1806; x_wconf 84' lang='lat' dir='ltr'>Sed</span> <span class='ocrx_word' id='word_1_124' title='bbox 2241 1749 2491 1820; x_wconf 88' lang='lat' dir='ltr'>bonum,</span> 
     </span>
     <span class='ocr_line' id='line_1_17' title="bbox 292 1840 2494 1919; baseline 0 -21"><span class='ocrx_word' id='word_1_125' title='bbox 292 1841 457 1919; x_wconf 90' lang='lat' dir='ltr'>quod</span> <span class='ocrx_word' id='word_1_126' title='bbox 483 1847 575 1900; x_wconf 85' lang='lat' dir='ltr'>est</span> <span class='ocrx_word' id='word_1_127' title='bbox 601 1841 921 1918; x_wconf 84' lang='lat' dir='ltr'>quaesitum</span> <span class='ocrx_word' id='word_1_128' title='bbox 946 1843 1014 1899; x_wconf 88' lang='lat' dir='ltr'>iu</span> <span class='ocrx_word' id='word_1_129' title='bbox 1039 1841 1126 1914; x_wconf 68' lang='lat' dir='ltr'>ea,</span> <span class='ocrx_word' id='word_1_130' title='bbox 1156 1842 1288 1900; x_wconf 90' lang='lat' dir='ltr'>sine</span> <span class='ocrx_word' id='word_1_131' title='bbox 1322 1841 1444 1900; x_wconf 89' lang='lat' dir='ltr'>isto</span> <span class='ocrx_word' id='word_1_132' title='bbox 1480 1841 1638 1900; x_wconf 89' lang='lat' dir='ltr'>malo</span> <span class='ocrx_word' id='word_1_133' title='bbox 1670 1860 1792 1898; x_wconf 89' lang='lat' dir='ltr'>non</span> <span class='ocrx_word' id='word_1_134' title='bbox 1821 1841 2197 1899; x_wconf 83' lang='lat' dir='ltr'>haberemus.</span> <span class='ocrx_word' id='word_1_135' title='bbox 2280 1840 2494 1899; x_wconf 82' lang='lat' dir='ltr'>Nimia</span> 
     </span>
     <span class='ocr_line' id='line_1_18' title="bbox 292 1931 2494 2011; baseline -0 -21"><span class='ocrx_word' id='word_1_136' title='bbox 292 1936 558 2009; x_wconf 86' lang='lat' dir='ltr'>potestas</span> <span class='ocrx_word' id='word_1_137' title='bbox 600 1937 693 1991; x_wconf 87' lang='lat' dir='ltr'>est</span> <span class='ocrx_word' id='word_1_138' title='bbox 737 1933 1123 1990; x_wconf 89' lang='lat' dir='ltr'>tribunorum</span> <span class='ocrx_word' id='word_1_139' title='bbox 1164 1932 1400 2011; x_wconf 88' lang='lat' dir='ltr'>plebis:</span> <span class='ocrx_word' id='word_1_140' title='bbox 1458 1933 1594 2010; x_wconf 87' lang='lat' dir='ltr'>quis</span> <span class='ocrx_word' id='word_1_141' title='bbox 1635 1931 1868 2010; x_wconf 79' lang='lat' dir='ltr'>negat?</span> <span class='ocrx_word' id='word_1_142' title='bbox 1971 1931 2092 1990; x_wconf 85' lang='lat' dir='ltr'>Sed</span> <span class='ocrx_word' id='word_1_143' title='bbox 2140 1931 2234 1990; x_wconf 83' lang='lat' dir='ltr'>vis</span> <span class='ocrx_word' id='word_1_144' title='bbox 2282 1933 2494 2009; x_wconf 88' lang='lat' dir='ltr'>populi</span> 
     </span>
     <span class='ocr_line' id='line_1_19' title="bbox 293 2023 2490 2102; baseline 0 -21"><span class='ocrx_word' id='word_1_145' title='bbox 293 2024 487 2083; x_wconf 87' lang='lat' dir='ltr'>multo</span> <span class='ocrx_word' id='word_1_146' title='bbox 523 2025 751 2096; x_wconf 85' lang='lat' dir='ltr'>saevior,</span> <span class='ocrx_word' id='word_1_147' title='bbox 794 2025 1108 2102; x_wconf 88' lang='lat' dir='ltr'>multoque</span> <span class='ocrx_word' id='word_1_148' title='bbox 1142 2024 1593 2097; x_wconf 81' lang='lat' dir='ltr'>vehementior3</span> <span class='ocrx_word' id='word_1_149' title='bbox 1643 2043 1794 2101; x_wconf 73' lang='lat' dir='ltr'>quae,</span> <span class='ocrx_word' id='word_1_150' title='bbox 1837 2025 2050 2085; x_wconf 88' lang='lat' dir='ltr'>ducem</span> <span class='ocrx_word' id='word_1_151' title='bbox 2092 2023 2256 2102; x_wconf 91' lang='lat' dir='ltr'>quod</span> <span class='ocrx_word' id='word_1_152' title='bbox 2287 2023 2490 2098; x_wconf 85' lang='lat' dir='ltr'>habet,</span> 
     </span>
     <span class='ocr_line' id='line_1_20' title="bbox 290 2117 2492 2194; baseline 0.001 -19"><span class='ocrx_word' id='word_1_153' title='bbox 290 2117 601 2176; x_wconf 86' lang='lat' dir='ltr'>interdum</span> <span class='ocrx_word' id='word_1_154' title='bbox 645 2117 836 2176; x_wconf 89' lang='lat' dir='ltr'>lenior</span> <span class='ocrx_word' id='word_1_155' title='bbox 882 2123 993 2191; x_wconf 79' lang='lat' dir='ltr'>est,</span> <span class='ocrx_word' id='word_1_156' title='bbox 1029 2136 1211 2194; x_wconf 92' lang='lat' dir='ltr'>quam</span> <span class='ocrx_word' id='word_1_157' title='bbox 1248 2118 1300 2176; x_wconf 91' lang='lat' dir='ltr'>si</span> <span class='ocrx_word' id='word_1_158' title='bbox 1342 2118 1582 2176; x_wconf 89' lang='lat' dir='ltr'>nullum</span> <span class='ocrx_word' id='word_1_159' title='bbox 1623 2117 1890 2176; x_wconf 90' lang='lat' dir='ltr'>haberet.</span> <span class='ocrx_word' id='word_1_160' title='bbox 1993 2118 2140 2176; x_wconf 86' lang='lat' dir='ltr'>Dux</span> <span class='ocrx_word' id='word_1_161' title='bbox 2181 2118 2342 2177; x_wconf 88' lang='lat' dir='ltr'>enim</span> <span class='ocrx_word' id='word_1_162' title='bbox 2378 2138 2492 2177; x_wconf 86' lang='lat' dir='ltr'>suo</span> 
     </span>
     <span class='ocr_line' id='line_1_21' title="bbox 290 2209 2494 2287; baseline -0 -19"><span class='ocrx_word' id='word_1_163' title='bbox 290 2209 559 2286; x_wconf 88' lang='lat' dir='ltr'>periculo</span> <span class='ocrx_word' id='word_1_164' title='bbox 601 2209 884 2287; x_wconf 84' lang='lat' dir='ltr'>progredi</span> <span class='ocrx_word' id='word_1_165' title='bbox 923 2209 1169 2287; x_wconf 86' lang='lat' dir='ltr'>cogitat,</span> <span class='ocrx_word' id='word_1_166' title='bbox 1211 2211 1422 2287; x_wconf 88' lang='lat' dir='ltr'>populi</span> <span class='ocrx_word' id='word_1_167' title='bbox 1461 2211 1724 2287; x_wconf 87' lang='lat' dir='ltr'>impetus</span> <span class='ocrx_word' id='word_1_168' title='bbox 1766 2210 2018 2287; x_wconf 88' lang='lat' dir='ltr'>periculi</span> <span class='ocrx_word' id='word_1_169' title='bbox 2057 2211 2356 2269; x_wconf 87' lang='lat' dir='ltr'>rationem</span> <span class='ocrx_word' id='word_1_170' title='bbox 2397 2211 2494 2269; x_wconf 87' lang='lat' dir='ltr'>sui</span> 
     </span>
     <span class='ocr_line' id='line_1_22' title="bbox 292 2300 2489 2380; baseline 0.002 -23"><span class='ocrx_word' id='word_1_171' title='bbox 292 2320 415 2359; x_wconf 90' lang='lat' dir='ltr'>nou</span> <span class='ocrx_word' id='word_1_172' title='bbox 442 2302 643 2361; x_wconf 83' lang='lat' dir='ltr'>habet.-</span> <span class='ocrx_word' id='word_1_173' title='bbox 727 2300 814 2359; x_wconf 86' lang='lat' dir='ltr'>At</span> <span class='ocrx_word' id='word_1_174' title='bbox 845 2302 1171 2379; x_wconf 83' lang='lat' dir='ltr'>aliquando</span> <span class='ocrx_word' id='word_1_175' title='bbox 1204 2301 1570 2361; x_wconf 88' lang='lat' dir='ltr'>incenditur.</span> <span class='ocrx_word' id='word_1_176' title='bbox 1653 2301 1738 2360; x_wconf 83' lang='lat' dir='ltr'>Et</span> <span class='ocrx_word' id='word_1_177' title='bbox 1764 2302 2011 2379; x_wconf 89' lang='lat' dir='ltr'>quidem</span> <span class='ocrx_word' id='word_1_178' title='bbox 2039 2321 2195 2380; x_wconf 81' lang='lat' dir='ltr'>saepe</span> <span class='ocrx_word' id='word_1_179' title='bbox 2223 2301 2489 2361; x_wconf 85' lang='lat' dir='ltr'>sedatur.</span> 
     </span>
     <span class='ocr_line' id='line_1_23' title="bbox 294 2392 2492 2471; baseline 0 -20"><span class='ocrx_word' id='word_1_180' title='bbox 294 2392 472 2467; x_wconf 81' lang='lat' dir='ltr'>Quod</span> <span class='ocrx_word' id='word_1_181' title='bbox 500 2394 661 2452; x_wconf 89' lang='lat' dir='ltr'>enim</span> <span class='ocrx_word' id='word_1_182' title='bbox 688 2398 781 2452; x_wconf 84' lang='lat' dir='ltr'>est</span> <span class='ocrx_word' id='word_1_183' title='bbox 806 2398 935 2451; x_wconf 84' lang='lat' dir='ltr'>tam</span> <span class='ocrx_word' id='word_1_184' title='bbox 963 2395 1346 2471; x_wconf 87' lang='lat' dir='ltr'>desperatum</span> <span class='ocrx_word' id='word_1_185' title='bbox 1385 2395 1720 2470; x_wconf 77' lang='lat' dir='ltr'>collegium,</span> <span class='ocrx_word' id='word_1_186' title='bbox 1749 2395 1818 2452; x_wconf 90' lang='lat' dir='ltr'>in</span> <span class='ocrx_word' id='word_1_187' title='bbox 1844 2414 1964 2471; x_wconf 88' lang='lat' dir='ltr'>quo</span> <span class='ocrx_word' id='word_1_188' title='bbox 1991 2414 2170 2451; x_wconf 89' lang='lat' dir='ltr'>nemo</span> <span class='ocrx_word' id='word_1_189' title='bbox 2205 2414 2240 2451; x_wconf 88' lang='lat' dir='ltr'>e</span> <span class='ocrx_word' id='word_1_190' title='bbox 2285 2394 2492 2452; x_wconf 89' lang='lat' dir='ltr'>decem</span> 
     </span>
     <span class='ocr_line' id='line_1_24' title="bbox 292 2486 2493 2566; baseline -0 -20"><span class='ocrx_word' id='word_1_191' title='bbox 292 2487 439 2546; x_wconf 66' lang='lat' dir='ltr'>sana</span> <span class='ocrx_word' id='word_1_192' title='bbox 466 2492 667 2546; x_wconf 88' lang='lat' dir='ltr'>mente</span> <span class='ocrx_word' id='word_1_193' title='bbox 696 2488 777 2544; x_wconf 86' lang='lat' dir='ltr'>sit</span> <span class='ocrx_word' id='word_1_194' title='bbox 797 2486 827 2545; x_wconf 80' lang='lat'>⁴?</span> <span class='ocrx_word' id='word_1_195' title='bbox 912 2486 1211 2545; x_wconf 76' lang='lat' dir='ltr'>Concessa</span> <span class='ocrx_word' id='word_1_196' title='bbox 1252 2486 1412 2564; x_wconf 88' lang='lat' dir='ltr'>plebi</span> <span class='ocrx_word' id='word_1_197' title='bbox 1453 2508 1488 2546; x_wconf 85' lang='lat' dir='ltr'>a</span> <span class='ocrx_word' id='word_1_198' title='bbox 1526 2490 1802 2565; x_wconf 86' lang='lat' dir='ltr'>patribus</span> <span class='ocrx_word' id='word_1_199' title='bbox 1829 2487 1947 2545; x_wconf 71' lang='lat' dir='ltr'>ista</span> <span class='ocrx_word' id='word_1_200' title='bbox 1972 2492 2295 2566; x_wconf 82' lang='lat' dir='ltr'>potestate,</span> <span class='ocrx_word' id='word_1_201' title='bbox 2322 2506 2493 2545; x_wconf 79' lang='lat' dir='ltr'>arma</span> 
     </span>
     <span class='ocr_line' id='line_1_25' title="bbox 290 2579 2487 2657; baseline -0 -20"><span class='ocrx_word' id='word_1_202' title='bbox 290 2580 677 2651; x_wconf 86' lang='lat' dir='ltr'>ceciderunt;</span> <span class='ocrx_word' id='word_1_203' title='bbox 715 2579 1010 2637; x_wconf 83' lang='lat' dir='ltr'>restincta</span> <span class='ocrx_word' id='word_1_204' title='bbox 1036 2579 1253 2638; x_wconf 86' lang='lat' dir='ltr'>seditio</span> <span class='ocrx_word' id='word_1_205' title='bbox 1285 2587 1413 2639; x_wconf 85' lang='lat' dir='ltr'>est:</span> <span class='ocrx_word' id='word_1_206' title='bbox 1455 2581 1776 2639; x_wconf 84' lang='lat' dir='ltr'>inventum</span> <span class='ocrx_word' id='word_1_207' title='bbox 1802 2585 1898 2639; x_wconf 87' lang='lat' dir='ltr'>est</span> <span class='ocrx_word' id='word_1_208' title='bbox 1927 2585 2487 2657; x_wconf 86' lang='lat' dir='ltr'>temperamentum,</span> 
     </span>
     <span class='ocr_line' id='line_1_26' title="bbox 292 2671 2492 2749; baseline 0.001 -21"><span class='ocrx_word' id='word_1_209' title='bbox 292 2692 411 2748; x_wconf 91' lang='lat' dir='ltr'>quo</span> <span class='ocrx_word' id='word_1_210' title='bbox 451 2672 755 2731; x_wconf 87' lang='lat' dir='ltr'>tenuiores</span> <span class='ocrx_word' id='word_1_211' title='bbox 791 2682 929 2728; x_wconf 84' lang='lat' dir='ltr'>cum</span> <span class='ocrx_word' id='word_1_212' title='bbox 966 2671 1341 2749; x_wconf 86' lang='lat' dir='ltr'>principibus</span> <span class='ocrx_word' id='word_1_213' title='bbox 1382 2672 1608 2747; x_wconf 83' lang='lat' dir='ltr'>aequari</span> <span class='ocrx_word' id='word_1_214' title='bbox 1645 2690 1712 2729; x_wconf 87' lang='lat' dir='ltr'>se</span> <span class='ocrx_word' id='word_1_215' title='bbox 1747 2675 2069 2749; x_wconf 82' lang='lat' dir='ltr'>putarent3</span> <span class='ocrx_word' id='word_1_216' title='bbox 2111 2672 2177 2729; x_wconf 89' lang='lat' dir='ltr'>in</span> <span class='ocrx_word' id='word_1_217' title='bbox 2214 2692 2336 2749; x_wconf 90' lang='lat' dir='ltr'>quo</span> <span class='ocrx_word' id='word_1_218' title='bbox 2369 2692 2492 2731; x_wconf 88' lang='lat' dir='ltr'>uno</span> 
     </span>
     <span class='ocr_line' id='line_1_27' title="bbox 290 2762 2486 2840; baseline 0.001 -20"><span class='ocrx_word' id='word_1_219' title='bbox 290 2763 412 2820; x_wconf 80' lang='lat' dir='ltr'>fuit</span> <span class='ocrx_word' id='word_1_220' title='bbox 461 2762 727 2822; x_wconf 79' lang='lat' dir='ltr'>civitatis</span> <span class='ocrx_word' id='word_1_221' title='bbox 771 2763 951 2821; x_wconf 78' lang='lat' dir='ltr'>salus.</span> <span class='ocrx_word' id='word_1_222' title='bbox 1033 2762 1121 2820; x_wconf 89' lang='lat' dir='ltr'>At</span> <span class='ocrx_word' id='word_1_223' title='bbox 1156 2764 1278 2821; x_wconf 91' lang='lat' dir='ltr'>duo</span> <span class='ocrx_word' id='word_1_224' title='bbox 1318 2762 1579 2823; x_wconf 81' lang='lat' dir='ltr'>Gracchi</span> <span class='ocrx_word' id='word_1_225' title='bbox 1609 2762 1878 2821; x_wconf 82' lang='lat' dir='ltr'>fuerunt.</span> <span class='ocrx_word' id='word_1_226' title='bbox 1961 2763 2062 2835; x_wconf 84' lang='lat' dir='ltr'>Et,</span> <span class='ocrx_word' id='word_1_227' title='bbox 2105 2770 2324 2840; x_wconf 84' lang='lat' dir='ltr'>praeter</span> <span class='ocrx_word' id='word_1_228' title='bbox 2364 2784 2486 2838; x_wconf 88' lang='lat' dir='ltr'>eos,</span> 
     </span>
     <span class='ocr_line' id='line_1_28' title="bbox 291 2853 2489 2931; baseline 0.002 -20"><span class='ocrx_word' id='word_1_229' title='bbox 291 2853 570 2931; x_wconf 81' lang='lat' dir='ltr'>quamvis</span> <span class='ocrx_word' id='word_1_230' title='bbox 598 2872 909 2913; x_wconf 88' lang='lat' dir='ltr'>enumeres</span> <span class='ocrx_word' id='word_1_231' title='bbox 939 2854 1163 2912; x_wconf 86' lang='lat' dir='ltr'>multos</span> <span class='ocrx_word' id='word_1_232' title='bbox 1190 2854 1368 2925; x_wconf 87' lang='lat' dir='ltr'>licet;</span> <span class='ocrx_word' id='word_1_233' title='bbox 1412 2875 1549 2913; x_wconf 91' lang='lat' dir='ltr'>cum</span> <span class='ocrx_word' id='word_1_234' title='bbox 1579 2854 1717 2912; x_wconf 88' lang='lat' dir='ltr'>deni</span> <span class='ocrx_word' id='word_1_235' title='bbox 1746 2859 2040 2927; x_wconf 90' lang='lat' dir='ltr'>creentur,</span> <span class='ocrx_word' id='word_1_236' title='bbox 2069 2855 2394 2915; x_wconf 89' lang='lat' dir='ltr'>nonnullos</span> <span class='ocrx_word' id='word_1_237' title='bbox 2420 2858 2489 2915; x_wconf 88' lang='lat' dir='ltr'>in</span> 
     </span>
     <span class='ocr_line' id='line_1_29' title="bbox 291 2945 2482 3035; baseline 0.002 -30"><span class='ocrx_word' id='word_1_238' title='bbox 291 2946 457 3005; x_wconf 90' lang='lat' dir='ltr'>omni</span> <span class='ocrx_word' id='word_1_239' title='bbox 482 2945 765 3004; x_wconf 67' lang='lat' dir='ltr'>memoria</span> <span class='ocrx_word' id='word_1_240' title='bbox 784 2946 1047 3024; x_wconf 83' lang='lat' dir='ltr'>reperies</span> <span class='ocrx_word' id='word_1_241' title='bbox 1067 2947 1436 3025; x_wconf 89' lang='lat' dir='ltr'>perniciosos</span> <span class='ocrx_word' id='word_1_242' title='bbox 1457 2946 1964 3035; x_wconf 62' lang='lat' dir='ltr'>tribunos—Clo.</span> <span class='ocrx_word' id='word_1_243' title='bbox 1990 2950 2058 3006; x_wconf 81' lang='lat' dir='ltr'>de</span> <span class='ocrx_word' id='word_1_244' title='bbox 2078 2950 2248 3025; x_wconf 74' lang='lat' dir='ltr'>Leqq.</span> <span class='ocrx_word' id='word_1_245' title='bbox 2269 2966 2356 3007; x_wconf 91' lang='lat'>111.</span> <span class='ocrx_word' id='word_1_246' title='bbox 2385 2950 2482 3009; x_wconf 89' lang='grc'>10.</span> 
     </span>
    </p>
   </div>
   <div class='ocr_carea' id='block_1_5' title="bbox 1321 3128 1467 3197">
    <p class='ocr_par' dir='ltr' id='par_1_5' title="bbox 1321 3128 1467 3197">
     <span class='ocr_line' id='line_1_30' title="bbox 1321 3128 1467 3197; baseline 0.007 -1"><span class='ocrx_word' id='word_1_247' title='bbox 1321 3128 1467 3197; x_wconf 87' lang='lat' dir='ltr'>XV.</span> 
     </span>
    </p>
   </div>
   <div class='ocr_carea' id='block_1_6' title="bbox 288 3255 2489 3902">
    <p class='ocr_par' dir='ltr' id='par_1_6' title="bbox 288 3255 2489 3902">
     <span class='ocr_line' id='line_1_31' title="bbox 410 3255 2489 3349; baseline 0.002 -22"><span class='ocrx_word' id='word_1_248' title='bbox 410 3255 691 3339; x_wconf 79' lang='lat' dir='ltr'>Romani,</span> <span class='ocrx_word' id='word_1_249' title='bbox 720 3288 795 3327; x_wconf 87' lang='lat' dir='ltr'>ex</span> <span class='ocrx_word' id='word_1_250' title='bbox 821 3287 959 3326; x_wconf 84' lang='lat' dir='ltr'>arce</span> <span class='ocrx_word' id='word_1_251' title='bbox 999 3268 1240 3346; x_wconf 85' lang='lat' dir='ltr'>plenam</span> <span class='ocrx_word' id='word_1_252' title='bbox 1265 3269 1536 3327; x_wconf 90' lang='lat' dir='ltr'>hostium</span> <span class='ocrx_word' id='word_1_253' title='bbox 1565 3270 1773 3329; x_wconf 88' lang='lat' dir='ltr'>urbem</span> <span class='ocrx_word' id='word_1_254' title='bbox 1800 3277 2128 3343; x_wconf 86' lang='lat' dir='ltr'>cernentes,</span> <span class='ocrx_word' id='word_1_255' title='bbox 2159 3291 2347 3349; x_wconf 87' lang='lat' dir='ltr'>quum</span> <span class='ocrx_word' id='word_1_256' title='bbox 2375 3273 2489 3332; x_wconf 68' lang='lat' dir='ltr'>alia</span> 
     </span>
     <span class='ocr_line' id='line_1_32' title="bbox 290 3358 2488 3440; baseline 0.001 -19"><span class='ocrx_word' id='word_1_257' title='bbox 290 3368 474 3440; x_wconf 88' lang='lat' dir='ltr'>atque</span> <span class='ocrx_word' id='word_1_258' title='bbox 500 3358 618 3421; x_wconf 86' lang='lat' dir='ltr'>alia</span> <span class='ocrx_word' id='word_1_259' title='bbox 643 3366 816 3437; x_wconf 86' lang='lat' dir='ltr'>parte</span> <span class='ocrx_word' id='word_1_260' title='bbox 842 3380 1000 3418; x_wconf 86' lang='lat' dir='ltr'>nova</span> <span class='ocrx_word' id='word_1_261' title='bbox 1024 3360 1226 3436; x_wconf 86' lang='lat' dir='ltr'>aliqua</span> <span class='ocrx_word' id='word_1_262' title='bbox 1253 3362 1456 3420; x_wconf 91' lang='lat' dir='ltr'>clades</span> <span class='ocrx_word' id='word_1_263' title='bbox 1497 3363 1777 3435; x_wconf 83' lang='lat' dir='ltr'>oriretur,</span> <span class='ocrx_word' id='word_1_264' title='bbox 1807 3382 1931 3421; x_wconf 90' lang='lat' dir='ltr'>non</span> <span class='ocrx_word' id='word_1_265' title='bbox 1958 3363 2265 3422; x_wconf 80' lang='lat' dir='ltr'>mentibus</span> <span class='ocrx_word' id='word_1_266' title='bbox 2293 3366 2488 3423; x_wconf 88' lang='lat' dir='ltr'>solum</span> 
     </span>
     <span class='ocr_line' id='line_1_33' title="bbox 291 3452 2486 3535; baseline 0.001 -21"><span class='ocrx_word' id='word_1_267' title='bbox 291 3456 617 3533; x_wconf 87' lang='lat' dir='ltr'>consipere,</span> <span class='ocrx_word' id='word_1_268' title='bbox 650 3454 758 3512; x_wconf 86' lang='lat' dir='ltr'>sed</span> <span class='ocrx_word' id='word_1_269' title='bbox 784 3464 860 3512; x_wconf 89' lang='lat' dir='ltr'>ne</span> <span class='ocrx_word' id='word_1_270' title='bbox 889 3452 1135 3511; x_wconf 83' lang='lat' dir='ltr'>auribus</span> <span class='ocrx_word' id='word_1_271' title='bbox 1164 3453 1407 3530; x_wconf 90' lang='lat' dir='ltr'>quidem</span> <span class='ocrx_word' id='word_1_272' title='bbox 1447 3457 1630 3530; x_wconf 83' lang='lat' dir='ltr'>atque</span> <span class='ocrx_word' id='word_1_273' title='bbox 1658 3452 1849 3513; x_wconf 90' lang='lat' dir='ltr'>oculis</span> <span class='ocrx_word' id='word_1_274' title='bbox 1887 3456 2037 3514; x_wconf 87' lang='lat' dir='ltr'>satis</span> <span class='ocrx_word' id='word_1_275' title='bbox 2072 3460 2346 3515; x_wconf 80' lang='lat' dir='ltr'>constare</span> <span class='ocrx_word' id='word_1_276' title='bbox 2381 3477 2486 3535; x_wconf 92' lang='lat' dir='ltr'>po-</span> 
     </span>
     <span class='ocr_line' id='line_1_34' title="bbox 292 3544 2488 3626; baseline 0 -21"><span class='ocrx_word' id='word_1_277' title='bbox 292 3550 510 3605; x_wconf 86' lang='lat' dir='ltr'>terant.</span> <span class='ocrx_word' id='word_1_278' title='bbox 617 3544 989 3622; x_wconf 79' lang='lat' dir='ltr'>Quocunque</span> <span class='ocrx_word' id='word_1_279' title='bbox 1042 3544 1271 3603; x_wconf 83' lang='lat' dir='ltr'>clamor</span> <span class='ocrx_word' id='word_1_280' title='bbox 1323 3544 1610 3617; x_wconf 89' lang='lat' dir='ltr'>hostium,</span> <span class='ocrx_word' id='word_1_281' title='bbox 1666 3546 1988 3605; x_wconf 89' lang='lat' dir='ltr'>mulierum</span> <span class='ocrx_word' id='word_1_282' title='bbox 2040 3545 2488 3626; x_wconf 84' lang='lat' dir='ltr'>puerorumque</span> 
     </span>
     <span class='ocr_line' id='line_1_35' title="bbox 288 3635 2483 3717; baseline 0.002 -22"><span class='ocrx_word' id='word_1_283' title='bbox 288 3639 580 3717; x_wconf 76' lang='lat' dir='ltr'>ploratuS,</span> <span class='ocrx_word' id='word_1_284' title='bbox 604 3637 839 3697; x_wconf 88' lang='lat' dir='ltr'>sonitus</span> <span class='ocrx_word' id='word_1_285' title='bbox 857 3637 1128 3707; x_wconf 82' lang='lat' dir='ltr'>flammoe,</span> <span class='ocrx_word' id='word_1_286' title='bbox 1153 3640 1216 3694; x_wconf 91' lang='lat' dir='ltr'>et</span> <span class='ocrx_word' id='word_1_287' title='bbox 1230 3635 1440 3713; x_wconf 80' lang='lat' dir='ltr'>fragor</span> <span class='ocrx_word' id='word_1_288' title='bbox 1458 3638 1766 3696; x_wconf 85' lang='lat' dir='ltr'>ruentium</span> <span class='ocrx_word' id='word_1_289' title='bbox 1787 3644 2088 3698; x_wconf 86' lang='lat' dir='ltr'>tectorum</span> <span class='ocrx_word' id='word_1_290' title='bbox 2104 3639 2483 3713; x_wconf 85' lang='lat' dir='ltr'>advertisset,</span> 
     </span>
     <span class='ocr_line' id='line_1_36' title="bbox 290 3728 2485 3808; baseline 0.002 -20"><span class='ocrx_word' id='word_1_291' title='bbox 290 3736 581 3808; x_wconf 83' lang='lat' dir='ltr'>paventes</span> <span class='ocrx_word' id='word_1_292' title='bbox 620 3730 698 3787; x_wconf 81' lang='lat' dir='ltr'>ad</span> <span class='ocrx_word' id='word_1_293' title='bbox 738 3729 956 3799; x_wconf 77' lang='lat' dir='ltr'>omnia,</span> <span class='ocrx_word' id='word_1_294' title='bbox 986 3728 1219 3787; x_wconf 82' lang='lat' dir='ltr'>animos</span> <span class='ocrx_word' id='word_1_295' title='bbox 1259 3746 1484 3806; x_wconf 81' lang='lat' dir='ltr'>oraque</span> <span class='ocrx_word' id='word_1_296' title='bbox 1513 3735 1577 3789; x_wconf 89' lang='lat' dir='ltr'>et</span> <span class='ocrx_word' id='word_1_297' title='bbox 1609 3730 1813 3788; x_wconf 90' lang='lat' dir='ltr'>oculos</span> <span class='ocrx_word' id='word_1_298' title='bbox 1839 3730 2178 3802; x_wconf 84' lang='lat' dir='ltr'>flectebant,</span> <span class='ocrx_word' id='word_1_299' title='bbox 2209 3733 2380 3792; x_wconf 80' lang='lat' dir='ltr'>velut</span> <span class='ocrx_word' id='word_1_300' title='bbox 2405 3733 2485 3792; x_wconf 85' lang='lat' dir='ltr'>ad</span> 
     </span>
     <span class='ocr_line' id='line_1_37' title="bbox 291 3819 2486 3902; baseline 0.001 -19"><span class='ocrx_word' id='word_1_301' title='bbox 291 3822 707 3902; x_wconf 84' lang='lat' dir='ltr'>spectaculum</span> <span class='ocrx_word' id='word_1_302' title='bbox 734 3840 772 3880; x_wconf 85' lang='lat' dir='ltr'>a</span> <span class='ocrx_word' id='word_1_303' title='bbox 796 3819 1045 3879; x_wconf 63' lang='lat' dir='ltr'>fortuna</span> <span class='ocrx_word' id='word_1_304' title='bbox 1078 3820 1263 3900; x_wconf 88' lang='lat' dir='ltr'>positi</span> <span class='ocrx_word' id='word_1_305' title='bbox 1299 3821 1631 3883; x_wconf 85' lang='lat' dir='ltr'>occidentis</span> <span class='ocrx_word' id='word_1_306' title='bbox 1661 3823 1886 3901; x_wconf 76' lang='lat' dir='ltr'>patriae,</span> <span class='ocrx_word' id='word_1_307' title='bbox 1916 3842 2028 3884; x_wconf 87' lang='lat' dir='ltr'>nec</span> <span class='ocrx_word' id='word_1_308' title='bbox 2064 3824 2246 3883; x_wconf 78' lang='lat' dir='ltr'>ullius</span> <span class='ocrx_word' id='word_1_309' title='bbox 2281 3845 2486 3886; x_wconf 88' lang='lat' dir='ltr'>rerum</span> 
     </span>
    </p>
   </div>
  </div>
 </body>
</html>
