2744 4138
1246 167 1404 213 rAnr
1447 167 1506 214 v.
1563 235 1568 241 Π
2390 149 2429 214 7
2437 153 2474 213 5

410 317 567 376 Τ616
592 315 712 376 fuit
731 315 960 395 Lysias,
978 315 1109 395 ipse
1124 316 1369 394 quidem
1389 316 1454 375 in
1475 317 1673 377 causis
1687 315 2027 376 forensibus
2043 337 2167 378 non
2186 321 2480 390 versatus,

278 409 393 470 sed
444 410 690 488 egregie
742 410 985 469 subtilis
1028 410 1309 486 scriptor,
1354 415 1540 489 atque
1579 411 1840 488 elegans,
1885 430 2070 487 quem
2123 411 2253 489 jam
2291 430 2486 488 -prope

284 503 511 562 audeas
537 507 839 562 oratorem
865 501 1205 580 perfectum
1233 502 1469 563 dicere:
1498 522 1643 562 nam
1658 503 1838 581 plane
1863 503 2112 581 quidem
2132 501 2484 579 perfectum,

276 600 345 654 et
401 595 501 653 cui
554 593 709 652 nihil
763 593 937 665 desit,
994 593 1468 654 Demosthenem
1517 594 1695 655 facile
1760 594 2002 653 dixeris.
2084 593 2259 652 Nihil
2309 598 2490 652 acute

280 685 549 746 inveniri
591 685 794 764 potuit
838 685 907 743 111
953 685 1031 744 116
1073 685 1290 758 066616,
1336 705 1488 764 quas
1533 687 1797 764 scripsit,
1827 686 1981 744 nihil
2027 685 2296 757 subdole,
2333 685 2490 743 nihil

284 783 552 851 versute,
581 778 745 855 qnod
776 779 881 837 ille
906 798 1033 836 non
1069 779 1329 850 viderit3
1368 779 1528 836 nihil
1566 778 1871 838 subtiliter
1896 777 2038 851 dici,
2067 776 2224 835 nihil
2263 795 2482 855 presse,

281 869 440 929 nihil
486 870 814 941 enucleate,
864 888 987 945 quo
1029 869 1162 928 fieri
1202 870 1399 948 possit
1444 868 1674 946 aliquid
1720 869 2025 929 limatius:
2071 868 2230 926 nihil
2271 872 2503 926 contra·

282 961 536 1039 grande,
562 960 718 1019 nihil
758 960 1100 1034 incitatum,
1142 961 1297 1019 nihil
1337 965 1624 1019 ornatum
1669 963 1770 1020 vel
1811 961 2138 1020 verborum
2180 959 2485 1038 gravitate

285 1053 386 1112 vel
410 1053 868 1126 sententiarum,
901 1073 1022 1130 quo
1063 1053 1394 1130 quidquam
1432 1058 1592 1113 esset
1630 1053 1866 1113 elatius.
1949 1052 2114 1112 Huic
2140 1051 2488 1131 Hyperides

282 1145 617 1223 proximus,
636 1149 700 1203 et
724 1143 1052 1203 AEschines
1072 1144 1211 1215 fuit,
1228 1149 1292 1204 et
1311 1145 1648 1223 Lycurgus,
1671 1149 1735 1203 et
1750 1144 2115 1216 Dinarchus,
2137 1149 2199 1203 et
2215 1144 2285 1215 is,
2305 1137 2511 1222 cujus(

282 1235 455 1294 nulla
480 1238 726 1294 exstant
765 1235 1011 1313 scripta,
1042 1235 1365 1308 Demades,
1393 1236 1616 1313 aliique
1653 1234 1877 1314 plures.
1961 1235 2110 1294 Haec
2137 1235 2302 1294 enim
2341 1244 2488 1293 aetas

284 1328 504 1390 effudit
526 1329 684 1389 hanc
711 1329 985 1406 copiam3
1013 1333 1091 1400 et,
1114 1335 1187 1388 ut
1212 1329 1420 1407 opinio
1446 1350 1582 1389 mea
1607 1328 1744 1400 fert,
1775 1348 1990 1389 succus
2013 1329 2117 1389 ille
2143 1333 2207 1389 et
2235 1327 2488 1406 sanguis

282 1421 674 1500 incorruptus
690 1441 881 1500 usque
897 1421 977 1481 ad
1003 1420 1159 1481 116110
1184 1427 1428 1481 aetatem
1447 1425 1758 1482 oratorum
1781 1421 1923 1493 fuit,
1945 1421 2011 1480 in
2039 1421 2160 1500 qua
2183 1421 2486 1481 naturalis

286 1513 535 1587 inesset,
562 1533 685 1573 non
710 1513 971 1585 fucatus,
998 1513 1508 1587 1111106-010660,
1538 1516 1778 1588 Bruttus,
1808 1514 1867 1588 8,
1895 1515 1952 1575 9.

1303 1728 1452 1788 XII.

409 1869 671 1929 Timoris
686 1889 950 1942 causam,
968 1889 1093 1929 11011
1107 1869 1251 1929 vitae
1266 1890 1530 1949 poenam,
1541 1871 1607 1930 in
1621 1874 1924 1950 potestate
1939 1869 2210 1930 censoria
2223 1870 2486 1947 majores

286 1961 483 2022 nostri
516 1982 646 2022 esse
684 1963 1024 2021 voluerunt.
1107 1961 1325 2040 Itaque
1364 1982 1487 2021 non
1529 1964 1726 2022 solum
1765 1963 1921 2021 illud
1961 1963 2294 2035 ostendam,
2325 1963 2490 2040 quod

287 2056 413 2133 jam
464 2055 707 2128 videtis,
763 2055 974 2134 populi
1028 2054 1293 2115 Romani
1344 2055 1651 2134 suffragiis
1704 2074 2117 2135 saepenumero
2185 2055 2487 2115 censorias

288 2147 764 2224 subscriptiones
792 2167 924 2207 esse
951 2147 1200 2219 delatas,
1220 2167 1435 2206 verum
1451 2149 1634 2205 etiam
1647 2148 1895 2225 judiciis
1922 2167 2150 2221 eorum,
2173 2149 2280 2225 qui
2299 2148 2490 2223 jurati

290 2243 561 2297 statuere
588 2240 814 2315 majore
843 2258 983 2297 0616
1012 2239 1301 2317 religione
1328 2258 1402 2298 ac
1429 2239 1746 2318 diligentia
1772 2240 2123 2300 debuerunt.
2214 2240 2490 2298 Primum

284 2330 543 2409 judices,
578 2336 887 2390 senatores
926 2331 1283 2409 equitesque
1323 2332 1604 2404 Romani,
1629 2331 1694 2389 in
1735 2332 2146 2409 compluribus
2184 2332 2307 2409 jam
2348 2333 2486 2403 reis,

292 2442 446 2500 quos
475 2427 687 2481 contra
711 2423 878 2500 leges
904 2422 1193 2501 pecunias
1216 2423 1520 2501 accepisse
1561 2424 1971 2502 subscriptum
1999 2429 2109 2497 est,
2140 2443 2261 2483 suae
2286 2424 2490 2501 potius

290 2514 591 2591 religioni,
623 2533 808 2591 quam
836 2534 1152 2574 censorum
1192 2514 1481 2594 opinioni,
1509 2520 1860 2594 paruerunt.
1943 2515 2180 2574 Deinde
2206 2521 2491 2593 praetores

290 2606 526 2679 urbani,
556 2606 665 2685 qui
695 2607 891 2684 jurati
932 2608 1156 2667 debent
1197 2607 1494 2686 optimum
1541 2628 1843 2686 quemque
1869 2608 1934 2665 in
1963 2607 2216 2667 selectos
2253 2608 2490 2686 judices

292 2697 537 2771 referre,
567 2717 887 2775 nunquam
928 2698 1050 2757 sibi
1088 2701 1424 2759 censoriam
1461 2700 1855 2777 ignominiam
1894 2699 2327 2777 impedimento
2365 2719 2495 2759 esse

290 2795 570 2868 oportere
588 2790 915 2849 duxerunt.
970 2789 1263 2850 Censores
1280 2792 1540 2868 denique
1554 2789 1676 2869 ipsi
1690 2810 2098 2869 saepenumero
2115 2792 2490 2869 superiorum

290 2901 612 2941 censorum
630 2880 1023 2960 judiciis—si
1049 2881 1171 2939 ista.
1194 2882 1422 2959 judicia
1440 2881 1734 2960 appellari
1758 2882 2148 2942 vultis—non
2169 2888 2489 2943 steterunt.

290 2973 499 3052 Atque
526 2974 709 3033 etiam
737 2973 862 3051 ipsi
888 2993 1167 3034 censores
1214 2994 1325 3033 666
1341 2974 1576 3052 judicia
1619 2974 1779 3033 tanti
1824 2994 1958 3034 esse
2003 2975 2393 3051 arbitrantur,
2420 2982 2493 3037 ut

289 3067 447 3125 alter
499 3065 751 3126 alterius
796 3065 1100 3144 judicium
1144 3085 1269 3124 non
1320 3066 1499 3125 modo
1545 3067 1969 3143 reprehendat,
2009 3066 2114 3126 sed
2162 3068 2350 3128 etiam
2398 3089 2489 3127 re-

290 3160 567 3231 scindat3
608 3163 680 3217 ut
706 3159 863 3218 alter
892 3160 968 3217 de
994 3164 1211 3217 senatu
1252 3160 1488 3219 moveri
1515 3160 1679 3232 velit,
1708 3160 1865 3219 alter
1889 3161 2164 3233 retineat,
2195 3166 2256 3220 et
2282 3161 2493 3221 ordine

274 3236 664 3329 ’amplissimo
711 3252 971 3329 dignum
1014 3251 1355 3326 existimet3
1397 3256 1471 3311 ut
1517 3252 1673 3311 alter
1718 3252 1784 3309 in
1825 3252 2066 3311 aerarios
2111 3252 2338 3327 referri,
2380 3259 2491 3313 aut

288 3344 459 3404 tribu
500 3342 732 3402 moveri
777 3343 1006 3420 jubeat,
1036 3344 1193 3402 alter
1232 3348 1416 3404 vetet.
1503 3343 1723 3417 Quare,
1754 3342 1864 3422 qui
1902 3345 2075 3404 vobis
2112 3344 2178 3402 in
2224 3350 2490 3404 mentem

289 3436 477 3509 venit,
508 3435 638 3495 hoec
678 3434 984 3513 appellare
1014 3434 1265 3512 judicia,
1298 3455 1431 3513 quoe
1457 3457 1494 3495 a
1531 3438 1755 3513 populo
1795 3435 2069 3496 Romano
2109 3436 2384 3508 rescindi,
2412 3438 2490 3497 ab

289 3527 509 3605 juratis
557 3526 865 3607 judicibus
908 3528 1235 3604 repudiari,
1277 3546 1314 3585 6
1356 3528 1820 3606 magistratibus
1860 3526 2109 3606 negligi,
2140 3528 2218 3586 ab
2261 3528 2357 3600 iis,
2383 3531 2490 3606 qui

290 3619 543 3679 eandem
570 3624 936 3698 potestatem
963 3619 1171 3697 adepti
1198 3624 1361 3693 sunt,
1385 3620 1762 3693 commutari,
1792 3620 1953 3679 inter
1979 3620 2240 3698 collegas
2268 3620 2487 3681 discre-

290 3732 451 3790 pare,
480 3712 788 3773 videatis}²

410 3803 558 3879 Quae
574 3824 714 3863 cum
730 3805 819 3864 ita
830 3804 972 3877 sint,
985 3804 1319 3878 videamus,
1334 3805 1482 3883 quid
1499 3804 1742 3865 taudem
1762 3824 2036 3865 censores
2053 3805 2128 3865 de
2144 3805 2249 3865 illo
2257 3806 2486 3884 judicio
2531 3845 2679 3863 ⁴-
