2744 4138
1234 161 1390 208 rAnr
1436 162 1511 208 11.
1843 133 1858 159 ⁵
2393 118 2479 206 45

272 314 735 379 contenderent.
848 312 1005 372 'l’um
1060 332 1202 372 vero
1256 311 1362 388 qui
1408 313 1540 389 jam
1592 310 1654 369 in
1705 309 1992 371 ulteriore
2036 307 2305 368 fluminis
2347 308 2480 387 ripfi

276 413 659 488 supererant,
687 405 956 465 infausta
981 423 1218 475 manus,
1248 402 1400 462 totis
1440 401 1659 461 animis
1685 402 1978 473 decidere,
2010 401 2205 477 deque
2247 401 2480 459 summa

276 503 620 580 desperare.
733 499 885 558 Pars
925 497 1169 575 quidem
1208 516 1317 574 per
1368 501 1617 573 pontem
1671 494 1765 552 vel
1823 494 2081 552 flammis
2135 494 2483 552 involutum

277 594 546 653 transire
586 593 823 652 conati:
885 590 993 649 sed
1039 589 1238 648 medio
1291 589 1417 666 jam
1462 607 1647 646 cursu
1699 587 1994 664 praeclusi,
2045 606 2175 644 sese
2226 586 2483 663 dejicere

277 685 481 746 coacti
508 688 672 754 sunt,
702 702 846 741 nece
873 701 1083 740 necem
1112 678 1444 748 saeviorem‚
1472 677 1842 738 acerbiorem
1868 676 2134 736 vitaturi.
2223 677 2322 735 Ita
2348 680 2481 734 tan·

278 779 425 836 dem
454 775 669 834 Russis
698 773 954 833 victoria
992 770 1218 850 potitis,
1248 770 1445 829 nostri
1471 790 1547 829 ex
1588 769 1716 828 acie
1745 769 2078 830 decedunt:
2122 789 2262 828 mox
2301 770 2484 828 turba

278 869 529 942 resedit,
557 867 747 926 subiit
774 866 1032 944 lugubre
1061 862 1536 924 silentium—J.
1566 863 1644 921 Y.
1677 861 1966 921 Susum.

980 1093 1219 1153 XXXI.
1307 1093 1805 1171 (Moxrrnsuur.)

408 1239 603 1314 Quam
630 1237 850 1298 vellem
877 1253 1209 1312 numquam
1249 1233 1502 1292 inventa
1530 1238 1690 1292 esset
1728 1234 2044 1313 tragoedia,
2078 1255 2211 1312 quae
2239 1235 2292 1297 si
2317 1235 2486 1293 nulla

282 1340 464 1404 esset,
495 1331 827 1408 potuissem
868 1348 981 1405 ego
1008 1326 1267 1385 fortasse
1292 1325 1480 1383 etiam
1507 1345 1672 1384 nunc
1712 1326 1777 1383 in
1805 1347 2046 1386 scenam
2087 1329 2360 1406 prodire;
2401 1333 2482 1399 et,

284 1431 360 1484 ut
385 1443 509 1482 non
527 1421 680 1480 mihi
700 1421 1056 1498 contigisset
1073 1418 1269 1496 gloria
1290 1437 1509 1495 graves
1526 1437 1812 1494 personas
1835 1421 2195 1492 sustinendi,
2217 1420 2488 1480 suaviter

286 1521 452 1574 certe
480 1515 744 1590 nugatus
770 1531 963 1570 essem
983 1515 1045 1569 et
1065 1509 1246 1567 bilem
1266 1527 1467 1566 meam
1491 1509 1620 1567 risu
1640 1509 2011 1587 purgassem.
2055 1510 2232 1584 Quod
2253 1515 2483 1582 contra,

284 1609 637 1685 pulmonem
676 1603 906 1661 frustra
942 1600 1319 1672 labefactavi,
1364 1601 1512 1658 dum
1553 1601 1848 1660 violentos
1886 1608 2090 1662 motus
2131 1602 2484 1677 ζηλοτπίας,

285 1697 529 1770 amoris,
560 1695 907 1755 ambitionis
946 1694 1235 1752 imitarer.
1319 1693 1415 1751 Ne
1442 1693 1675 1751 Fuscus
1702 1693 1946 1770 quidem
1985 1695 2088 1752 ille
2116 1699 2207 1752 tot
2233 1695 2488 1753 affectus

287 1798 398 1850 aut
419 1789 619 1868 pinxit
645 1806 915 1864 unquam
941 1791 1053 1845 aut
1078 1785 1282 1844 animo
1310 1785 1610 1862 cogitavit
1630 1790 1780 1861 quot
1805 1805 1919 1862 ego
1946 1785 2271 1864 saepissime
2297 1785 2489 1844 invita

290 1881 570 1942 Minerva
596 1880 932 1957 exprimere
958 1882 1207 1938 coactus
1234 1896 1389 1936 sum.
1475 1875 1812 1954 Oportebat
1839 1897 1995 1954 soepe
2023 1879 2216 1938 to'rvis
2243 1879 2486 1937 lumini-

292 1973 406 2032 bus
447 1975 643 2030 minas
676 1969 967 2048 jaculari3
1011 1987 1167 2045 saepe
1206 1968 1383 2026 orbes
1425 1967 1738 2026 oculorum
1766 1966 1974 2026 furiali
2013 1969 2138 2028 ritu
2178 1969 2255 2028 ad
2296 1969 2490 2028 instar

292 2065 493 2125 insani
533 2065 976 2140 circumager03
1018 2067 1243 2120 terrere
1284 2059 1433 2118 alios
1461 2079 1564 2119 ore
1605 2060 1959 2121 horribilem
1987 2061 2052 2119 in
2093 2063 2340 2122 modum
2367 2061 2488 2121 dis-

295 2165 457 2218 torto
480 2182 495 2229 ;
564 2157 845 2215 ruborem
895 2155 1000 2213 iroe
1041 2155 1136 2212 vel
1177 2152 1303 2211 odii
1346 2152 1547 2211 vultui
1592 2152 1832 2225 indere;
1897 2153 2164 2215 vicissim
2212 2160 2380 2214 metu
2427 2160 2493 2214 et

292 2250 692 2311 admiratione
731 2249 986 2325 pallere3
1028 2246 1154 2324 jam
1194 2245 1424 2304 furoris
1463 2246 1778 2321 impetum,
1813 2247 1944 2324 jam
1985 2268 2152 2326 spem
2193 2248 2491 2326 abjectam

294 2345 474 2403 claris
503 2342 742 2401 indiciis
782 2339 1160 2417 significare;
1201 2337 1498 2396 fanaticos
1527 2338 1700 2396 edere
1739 2340 2046 2399 ululatus:
2090 2360 2296 2399 omnes
2323 2340 2492 2398 deni-

292 2456 411 2514 que
433 2444 635 2513 partes
656 2433 923 2511 corporis
946 2430 1298 2507 defatigare,
1320 2448 1530 2487 omnes
1551 2449 1771 2488 nervos
1799 2430 2066 2502 tendere,
2087 2452 2206 2508 quo
2228 2431 2492 2507 aptiores

295 2531 510 2588 fierent
549 2532 756 2605 gestus
794 2526 876 2584 ad
915 2529 1009 2583 tot
1048 2524 1299 2583 affectus
1340 2528 1590 2600 tamque
1632 2524 1916 2584 diversos.
2025 2524 2093 2584 Si
2123 2525 2262 2603 quis
2305 2524 2495 2602 igitur

294 2620 450 2679 scire
471 2619 675 2697 cupiet
696 2636 815 2694 quo
844 2616 1053 2674 morbo
1081 2614 1379 2692 perierim,
1403 2633 1480 2671 ne
1508 2619 1737 2690 quoerat
1755 2614 2017 2673 febrisne
2039 2636 2134 2674 me
2154 2615 2491 2686 abstulerit,

292 2732 374 2770 an
400 2731 558 2789 aqua
583 2710 867 2782 intercus,
889 2727 969 2766 an
996 2707 1297 2787 podagra:
1341 2706 1496 2765 sciat
1519 2728 1612 2765 me
1633 2707 2126 2767 Andromacham
2150 2707 2491 2767 abstulisse.

1987 2801 2058 2859 Ε.
2105 2801 2371 2859 Pausa.

860 3040 1135 3103 XXXII.
1223 3040 1533 3117 (HOLDEN,
1575 3040 1702 3100 Foz.
1751 3040 1946 3120 Geni.)

424 3171 686 3231 Puderet
714 3188 828 3241 me,
856 3169 1108 3247 judices,
1138 3169 1252 3227 hoc
1291 3168 1627 3246 praesertim
1665 3174 1940 3248 tempore
1979 3171 2346 3233 lenocinium
2385 3173 2494 3231 ali·

302 3264 468 3343 quod
507 3269 617 3322 aut
659 3263 981 3322 verborum
1026 3261 1337 3320 illecebras
1386 3260 1647 3320 orationi
1702 3282 1848 3321 meae
1903 3265 2207 3326 adhibere.
2319 3265 2497 3339 Quod

302 3376 497 3437 genus
514 3376 709 3432 neque
736 3352 935 3413 ordini
960 3360 1185 3426 nostr0,
1209 3374 1407 3431 neque
1434 3353 1576 3411 huic
1597 3372 1842 3428 caussae,
1867 3377 2063 3435 neque
2092 3378 2224 3417 meo
2251 3358 2497 3434 ingenio

304 3448 627 3509 convenire
668 3446 948 3506 arbitror.
1029 3446 1267 3523 Nempe
1293 3446 1422 3504 haec
1461 3446 1722 3505 oratoria
1749 3448 2081 3525 pigmenta,
2112 3450 2258 3527 quid
2299 3450 2499 3528 soepis-

306 3542 460 3602 sime
507 3541 715 3612 velint,
755 3539 1009 3618 judices,
1054 3538 1217 3597 haud
1258 3537 1629 3615 ignoramus
1731 3538 1974 3597 Etenim
2019 3542 2244 3601 scimus
2298 3562 2371 3601 ea
2423 3543 2503 3602 ad

309 3634 689 3693 voluntatem
743 3629 1168 3691 subselliorum
1221 3628 1606 3705 captandam,
1655 3630 2009 3708 animosque
2043 3633 2322 3710 judicum
2363 3654 2502 3693 con.

308 3726 601 3785 ciliandos
629 3745 748 3785 non
777 3743 923 3802 erga
942 3742 1217 3783 caussam
1239 3722 1348 3781 sed
1372 3742 1520 3799 erga
1539 3722 1844 3781 hominem
1863 3725 2216 3802 comparari.
2262 3725 2504 3787 Scimus

310 3819 374 3877 id
402 3817 521 3897 agi,
552 3823 622 3876 ut
662 3836 770 3895 per
795 3816 900 3885 illa
930 3814 1127 3895 judici
1168 3812 1536 3873 conscientia
1574 3832 1860 3891 oppressa
1899 3819 2114 3889 taceat,
2144 3822 2204 3877 et
2243 3819 2358 3878 offi
2381 3818 2394 3827 “

2426 3799 2608 3827 n
