2744 4138
301 143 386 204 48
918 157 1046 203 xm
1091 158 1165 203 'ro
1210 157 1333 201 'rus
1376 155 1559 203 urm
1606 158 1881 202 MANUAL.

300 326 508 366 earum
551 310 711 366 artes
761 311 1218 386 sermonemque
1260 307 1445 384 longa
1488 307 1925 365 consuetudine
1966 306 2054 364 ita
2094 306 2380 380 excoluit,
2432 313 2507 367 ut

301 419 632 478 cognomen
662 399 778 458 sibi
807 400 1002 459 Attici
1043 400 1425 459 adscisceret.
1510 399 1737 459 Incidit
1764 399 1983 457 summi
2010 399 2128 457 viri
2154 401 2287 458 vita
2312 403 2507 460 truci-

299 492 416 550 bus
463 495 526 550 et
568 490 872 550 seditiosis
920 491 1331 568 temporibus3
1395 495 1611 568 utpote
1657 491 1766 568 qui
1813 490 2093 570 Syllanas
2146 490 2507 552 adolescens

299 582 723 661 Marianasque
743 588 947 660 partes
970 606 984 655 3
1006 583 1251 658 juvenis
1268 588 1536 655 cruenta,
1555 602 1692 660 quoe
1712 583 1986 642 insecuta
2008 587 2171 655 sunt,
2190 588 2473 662 tempora
2490 609 2505 657 ;

299 695 484 735 senex
527 674 892 740 Octavianas
931 681 994 734 et
1033 674 1415 734 Antonianas
1455 675 1923 752 proscriptiones
1968 674 2205 734 viderit.
2288 675 2505 735 Marco

300 769 499 827 Tullio
587 767 844 844 aliisque
911 788 1096 844 quam
1163 767 1443 844 plurimis
1513 767 1757 844 optimis
1823 767 1971 826 viris
2036 767 2170 826 neci
2235 769 2499 842 traditis,

298 865 719 920 verumtamen
761 861 920 918 hunc
963 860 1210 918 fortuna
1243 879 1320 918 ex
1353 865 1449 917 tot
1486 859 1768 938 perieulis
1794 859 2161 919 incolumem
2191 861 2500 938 praestitit.

298 952 430 1012 Nec
458 953 571 1011 soli
592 952 835 1029 quidem
857 953 973 1010 sibi
983 951 1250 1016 ¹salutem
1271 950 1675 1028 comparavit:
1707 950 1961 1011 ducibus
1978 952 2144 1010 enim
2165 953 2503 1012 factionum

299 1043 390 1103 ita
415 1045 608 1121 pietas
646 1064 783 1103 eum
823 1044 1133 1121 utrimque
1174 1043 1636 1115 commendavit,
1665 1050 1737 1102 ut
1774 1047 1981 1120 posset
2020 1048 2153 1102 tum
2192 1064 2333 1116 suae,
2366 1050 2501 1105 tum

297 1136 565 1215 plurium
592 1137 943 1206 amicorum,
971 1135 1112 1194 vites
1139 1135 1470 1194 consulere.
1557 1133 1749 1213 Cujus
1778 1135 2023 1212 quidem
2050 1135 2401 1197 humanitas
2428 1157 2501 1198 ea

296 1229 432 1303 fuit,
463 1234 535 1287 ut
574 1229 820 1290 minime
860 1229 1167 1307 putandus
1209 1228 1290 1287 sit
1330 1228 1662 1305 voluptatis
1702 1229 1903 1287 studio
1930 1229 2192 1288 Athenis
2219 1230 2495 1308 degisse3

294 1307 404 1379 sed
451 1320 844 1399 philosophiae
887 1321 1092 1398 potius
1139 1318 1349 1378 caussa
1394 1319 1461 1377 in
1502 1319 1572 1378 ea
1614 1321 1763 1379 urbe
1804 1321 2162 1393 consedisse,
2204 1327 2278 1380 ut
2318 1341 2497 1384 veras

295 1399 541 1474 rivendi
567 1413 849 1486 rationes,
879 1432 1003 1471 non
1028 1412 1272 1470 inanem
1299 1411 1577 1490 gloriam,
1606 1419 2052 1488 assequeretur.

1755 1503 1828 1563 G.
1871 1505 1938 1563 F.
1984 1522 2059 1563 nn
2102 1504 2407 1568 Tmssma.

1130 1735 1252 1796 ΙΙΙ.
1339 1735 1657 1813 (ΗΑΒΒΙΒ.)

416 1877 579 1938 Loca
604 1882 748 1938 sunt
773 1877 1086 1949 convallia,
1105 1881 1367 1954 utroque
1394 1877 1472 1935 ab
1500 1878 1705 1947 latere,
1725 1897 1914 1954 quum
1941 1877 2251 1956 ingressus
2278 1879 2489 1952 fueris,

296 1971 483 2030 vastis
504 1971 758 2048 rupibus
780 1972 1056 2030 obsessa:
1089 1989 1348 2046 quarum
1372 1967 1551 2026 dorso
1568 1969 1646 2027 ad
1666 1969 1977 2027 dimidiam
1998 1971 2208 2029 circuli
2233 1972 2499 2030 formam·

297 2061 434 2120 finis
462 2062 652 2122 altera
678 2061 1008 2121 interclusa
1033 2066 1162 2132 est3
1206 2059 1367 2119 unde
1410 2063 1427 2092 ‘
1448 2059 1623 2119 vallis
1664 2059 1869 2120 clausa
1887 2061 1901 2087 ’
1944 2082 2162 2120 nomen
2202 2062 2485 2121 inditum.

293 2152 460 2213 Huic
487 2155 664 2213 dorso
692 2154 1124 2212 immanissima
1150 2172 1331 2230 rupes
1359 2172 1397 2211 a
1421 2151 1623 2211 fronte
1651 2153 1892 2225 eminet,
1923 2155 2097 2232 cujus
2138 2156 2216 2213 ad
2256 2156 2490 2214 radices

297 2255 484 2307 vastae
522 2252 695 2329 patet
732 2266 801 2305 os
841 2246 1158 2324 speluncae.
1268 2245 1476 2324 Hujus
1516 2251 1723 2305 autem
1776 2247 2078 2323 speluncae
2129 2249 2196 2306 in
2250 2269 2489 2311 secessu

293 2340 546 2399 reducto
586 2347 649 2398 et
689 2338 1061 2399 tenebricoso
1102 2340 1399 2417 gremium
1438 2338 1628 2397 fontis
1663 2344 1759 2398 est
1794 2341 1858 2398 in
1889 2339 1942 2399 O
1973 2341 2204 2403 literam
2234 2343 2485 2403 circum-

294 2438 532 2504 actum3
573 2437 808 2491 naturae
848 2450 1017 2508 opuS‚
1059 2430 1476 2509 limpidissima
1514 2432 1692 2508 aqua,
1732 2432 2053 2492 altitudine
2094 2433 2367 2494 infinita:
2414 2457 2488 2495 ex

294 2544 415 2601 quo
467 2524 635 2584 fonte
687 2524 834 2583 satis
886 2523 1137 2601 longum
1190 2522 1412 2580 flumen
1460 2542 1522 2582 se
1566 2523 1872 2595 diffundit,
1917 2546 2217 2603 cursuque
2264 2526 2488 2587 dividit

292 2620 608 2692 pratorum
672 2616 882 2687 infera,
938 2620 1046 2674 aut
1097 2620 1455 2693 praeruptas,
1514 2634 1648 2692 quae
1696 2615 2247 2693 superimpendent,
2302 2640 2486 2697 rupes

290 2706 627 2767 intermeat.
712 2708 937 2766 Tenuis
964 2708 1092 2767 haec
1118 2707 1283 2767 illius
1311 2706 1429 2765 loci
1454 2706 1837 2766 adumbratio
1859 2715 1968 2779 est,
1992 2710 2098 2767 ubi
2120 2709 2485 2771 Petrarchus

292 2799 558 2859 animum
599 2801 686 2859 ita
725 2801 926 2858 fovere
969 2805 1031 2859 et
1074 2799 1262 2859 vitam
1301 2798 1520 2878 potuit,
1565 2804 1635 2856 ut
1674 2803 1912 2858 tantum
1953 2800 2067 2860 hoc
2110 2802 2313 2863 vivere
2354 2824 2485 2864 esse

293 2892 537 2967 diceret,
567 2892 801 2969 reliqua
827 2892 1031 2951 omnia
1057 2890 1335 2969 supplicii
1361 2909 1609 2948 numero
1636 2889 1904 2948 haberet.

1749 2985 1823 3043 Gr.
1867 2986 1935 3045 F.
1981 3003 2057 3043 Du
2101 2986 2401 3049 Tmssms.

1125 3206 1238 3267 Ν.
1283 3206 1641 3283 (Laconia)

412 3350 833 3429 Saepenumero
885 3348 1220 3408 admiratus
1273 3368 1409 3406 sum
1464 3366 1679 3425 graves
1725 3349 1863 3407 illos
1910 3348 2073 3427 apud
2116 3348 2482 3413 cultissimas

288 3442 885 3520 elegantissimasque
903 3439 1217 3499 hominum
1235 3445 1448 3516 gentes
1465 3440 1660 3498 obiter
1676 3442 2156 3501 convenientium
2178 3462 2483 3505 sermones

287 3538 766 3612 circulorumque
795 3534 1111 3612 colloquia.
1193 3532 1421 3611 Magno
1458 3532 1619 3591 enim
1653 3532 1948 3611 imprimis
1986 3535 2266 3595 laborant
2305 3556 2484 3614 opere

287 3630 442 3688 alter
507 3628 756 3688 alterius
823 3626 1229 3686 valetudinem
1285 3625 1679 3702 percunctari,
1731 3630 1746 3657 ‘
1772 3626 1860 3685 Mi
1913 3627 2127 3698 anime,
2185 3631 2480 3705 quomodo

288 3718 545 3779 fecum?
627 3718 876 3789 Amab0,
917 3723 986 3776 ut
1028 3718 1191 3777 vales
1214 3714 1244 3776 P
1285 3717 1567 3789 habesne,
1597 3723 1668 3775 ut
1707 3737 1898 3788 spero,
1929 3718 2134 3778 belle?
2161 3721 2175 3746 ’
2261 3720 2475 3798 Papae!

289 3814 438 3889 quid
482 3812 602 3871 ista
648 3812 860 3871 volunt
902 3809 1181 3882 absurda,
1231 3814 1294 3868 et
1336 3814 1705 3888 praepostera
1728 3809 1757 3868 Ρ
1840 3810 2008 3869 Num
2050 3811 2334 3871 sollicitat
2378 3834 2480 3872 eos
