2744 4138
1094 203 1101 212 ,
1220 155 1376 200 mar
1420 155 1508 201 1v.
2369 135 2452 199 68

1234 312 1473 376 XXVI.
1493 393 1496 396 ⁴

386 433 428 494 J
427 454 527 494 am
554 432 837 492 illuxerat
863 430 1007 503 dies,
1036 451 1235 508 neque
1261 435 1468 490 tamen
1493 428 1758 509 procella
1783 427 2114 506 quidquam
2144 428 2220 487 de
2246 428 2449 489 furore

248 547 375 587 suo
421 526 770 585 remiserat:
834 523 1063 602 quanta
1108 524 1175 581 vi
1228 530 1434 603 potest
1480 521 1745 581 maxima
1785 526 1961 580 atrox
2003 525 2224 579 natura
2263 521 2450 580 maris

247 619 463 678 adhuc
504 617 714 677 saevire
756 617 1039 676 cernitur.
1122 615 1349 676 Videre
1379 618 1510 675 erat
1536 633 1724 676 naves
1749 614 1816 672 in
1841 613 2061 691 quibus
2088 619 2223 670 tum
2248 613 2450 672 victus

248 717 397 770 tum
465 709 703 769 salutis'
731 726 867 786 spes
932 707 1123 768 totius
1177 707 1477 766 exercitus
1531 710 1800 778 steterat,
1857 725 1981 764 non
2015 706 2143 782 jam
2188 705 2448 764 ancoris

247 801 559 862 hoerentes
587 801 736 860 alias
774 800 939 859 inter
964 819 1030 860 se
1056 799 1244 871 allidi,
1274 799 1616 884 confractas
1656 797 1919 876 scopulis
1951 797 2118 868 alias,
2148 795 2356 875 plures
2381 796 2449 854 in

245 894 408 952 litus
435 894 678 971 ejectas,
697 892 1021 951 nonnullas
1050 892 1236 950 etiam
1257 891 1543 950 fluctibus
1564 890 1815 948 hauriri.
1883 889 2059 948 Intra
2077 888 2262 948 unius
2282 889 2446 948 horse

248 987 530 1064 spatium
546 985 686 1044 XV.
704 986 918 1062 longae,
938 985 1224 1043 onerariae
1242 983 1425 1043 CXL.
1452 1003 1594 1042 cum
1608 983 1791 1042 VIII.
1809 983 2077 1042 millibus
2101 982 2446 1041 mortalium

247 1080 613 1156 absumptae.
696 1076 1142 1156 Navigantium
1184 1075 1291 1153 qui
1331 1075 1540 1135 miseri
1577 1076 1732 1134 iram
1773 1074 2046 1154 Neptuni
2079 1093 2238 1152 aegre
2277 1073 2445 1134 devi-

246 1170 481 1241 tat-ant,
538 1179 611 1228 ut
668 1169 931 1246 primum
983 1169 1367 1246 attingebant
1419 1173 1662 1239 terram,
1709 1167 1951 1225 barbari
1997 1167 2306 1226 occidione
2346 1185 2442 1225 oc-

248 1261 558 1320 ciderunt.
632 1259 855 1339 Stupet
874 1279 1123 1319 maerore
1150 1261 1480 1337 imperator
1503 1279 1698 1336 neque
1717 1278 1928 1318 vocem
1952 1257 2224 1317 invenit:
2255 1277 2444 1335 quum

249 1371 383 1411 nno
408 1353 579 1412 velut
602 1352 729 1412 ictu
756 1353 1000 1411 fortuna
1027 1353 1207 1411 simul
1234 1358 1591 1430 conceptam
1630 1350 1900 1411 victoriae
1941 1370 2109 1428 spem
2150 1348 2444 1409 frustrata

156 1473 165 1478 ·
250 1450 436 1517 esset,
458 1446 639 1503 simul
664 1445 975 1524 ingentem
1000 1445 1546 1504 instrumentorum
1573 1443 1807 1521 copiam
1836 1463 2018 1520 quam
2045 1443 2122 1500 ad
2149 1442 2440 1501 lacessen-

124 1540 135 1546 '
250 1537 369 1594 dos
410 1536 611 1595 hostes
642 1555 909 1613 suosque
950 1536 1378 1594 sustentandos
1418 1540 1885 1613 comparaverat,
1915 1533 2162 1592 omnino
2199 1553 2443 1612 pessum

248 1631 538 1690 dedisset.
598 1629 866 1689 Tandem
894 1629 1245 1690 concidente
1262 1635 1461 1702 vente,
1485 1649 1622 1708 spes
1638 1629 2169 1706 quantulacunque
2189 1628 2436 1700 affulsit,

248 1722 386 1781 fore
440 1727 511 1779 ut
564 1726 660 1780 tot
712 1739 897 1779 naves
950 1721 1365 1780 eluctarentur
1421 1725 1572 1798 quot
1623 1720 1774 1778 satis
1827 1723 2029 1777 essent
2079 1719 2158 1777 ad
2217 1718 2440 1778 famem

249 1815 578 1896 arcendam
632 1816 958 1892 copiasque
997 1815 1063 1872 in
1103 1814 1413 1892 Europam
1453 1814 1842 1873 reducendas.
1927 1811 2049 1871 Sed
2089 1831 2185 1870 res
2223 1811 2438 1872 fefellit

252 1925 443 1984 spem.
525 1906 686 1964 Nam
712 1911 1169 1985 vesperascente
1209 1907 1353 1966 caelo
1382 1906 1657 1965 incubuit
1695 1904 1915 1982 oequori
1955 1903 2186 1982 caligo:
2242 1925 2438 1982 neque

254 1998 307 2055 ii
330 1999 768 2077 gubernatores
808 1998 915 2077 qui
956 1999 1159 2058 salvis·
1179 1998 1440 2077 navigiis
1481 2002 1816 2068 uterentur,
1845 1996 2092 2054 nuntios
2118 1996 2184 2054 in
2208 2000 2436 2056 terram

249 2094 333 2152 ad
358 2114 499 2153 suos
520 2094 760 2154 mittere
780 2100 1127 2173 potuerunt.
1210 2094 1311 2152 Ita
1338 2093 1598 2152 maxima
1625 2093 1930 2169 utrimque
1957 2092 2260 2172 anxietate
2278 2091 2438 2151 inter

252 2186 691 2246 dubitationem
718 2191 1067 2264 metumque
1095 2190 1516 2263 pernoctatum
1544 2184 1799 2245 esa—J.
1828 2183 1906 2243 Y.
1936 2183 2232 2243 Sancum.

1005 2379 1169 2437 Idem
1190 2380 1363 2437 aliter
1391 2379 1692 2438 redditum.

369 2510 410 2569 J
410 2492 509 2569 am
549 2510 740 2569 multo
781 2509 879 2570 die
918 2509 1073 2570 nihil
1111 2510 1342 2569 remitti
1386 2511 1463 2569 de
1498 2510 1794 2587 procella3
1835 2530 2020 2582 mare,
2072 2530 2170 2569 res
2211 2509 2434 2568 natura

247 2600 701 2674 violentissima,
730 2602 965 2661 affatim
992 2602 1225 2662 furere:
1267 2622 1473 2675 naves,
1503 2603 1699 2661 solum
1727 2601 2022 2661 exercitui
2063 2601 2431 2680 praesidium,

246 2694 446 2771 ruptis
484 2694 851 2767 retinaculis,
879 2698 987 2754 aut
1026 2694 1187 2753 inter
1227 2714 1292 2752 se
1332 2695 1590 2764 collisas,
1622 2698 1731 2751 aut
1769 2694 1832 2751 in
1877 2693 2143 2771 scopulis
2182 2693 2428 2766 fractas,

246 2792 357 2845 aut
380 2786 547 2845 litori
572 2787 636 2845 vi
650 2787 951 2864 appulsaS,
974 2792 1083 2845 aut
1109 2785 1393 2845 fluctibus
1421 2787 1764 2843 submersas
1792 2784 2130 2845 cernebant.
2199 2786 2430 2846 Deletae

244 2876 449 2935 minus
490 2876 613 2935 una
658 2876 807 2935 hora
852 2895 1037 2934 naves
1083 2876 1279 2952 longae
1324 2876 1692 2952 quindecim,
1736 2875 2023 2934 onerariae
2071 2881 2318 2935 centum
2366 2884 2431 2936 et

244 2969 663 3047 quadraginta,
712 2969 983 3027 virorum
1038 2973 1174 3027 octo
1219 2967 1446 3026 millia:
1506 2988 1766 3044 quorum
1821 2968 2176 3026 miserorum
2221 2968 2273 3027 si
2321 2970 2428 3046 qui

243 3061 427 3119 maris
482 3062 712 3119 rabiem
765 3061 1128 3135 effugissent,
1184 3065 1361 3117 terrae
1407 3059 1484 3117 ad
1492 3079 1693 3117 versos
1738 3059 1969 3118 Arabes
2021 3061 2425 3120 trucidabant.

249 3150 466 3213 Stabat
491 3154 770 3230 princeps
796 3153 989 3211 tristis
1017 3152 1454 3230 attonitusque,
1483 3152 1696 3209 videns
1718 3152 1846 3225 ,una
1873 3152 2040 3211 clade
2058 3173 2194 3230 spes
2211 3154 2424 3229 frangi,

243 3261 389 3322 opes
430 3245 557 3304 sive
596 3245 674 3303 ad
715 3244 922 3303 hostes
962 3243 1357 3317 lacessendos,
1389 3244 1515 3302 sive
1542 3243 1620 3302 ad
1649 3264 1790 3303 suos
1831 3246 2263 3305 sustentandos
2305 3248 2426 3306 col-

242 3335 429 3395 lectas
483 3338 545 3394 in
588 3337 712 3395 alto
752 3336 1007 3415 sepeliri.
1090 3336 1359 3395 Tandem
1417 3336 1670 3395 cadente
1713 3343 1893 3397 vento
1934 3337 2288 3415 sperabatur
2333 3343 2428 3398 tot

241 3445 427 3487 naves
468 3448 754 3488 evasuras
794 3448 923 3486 esse
964 3432 1111 3505 quot
1152 3429 1301 3487 satis
1342 3429 1548 3487 forent
1573 3429 1650 3486 ad
1679 3430 2029 3502 exercitum,
2064 3429 2224 3487 fame
2263 3429 2426 3489 haud

241 3518 423 3579 dubie
450 3522 806 3597 periturum,
834 3518 900 3577 in
928 3520 1235 3598 Europam
1262 3520 1793 3581 transvehendum.
1881 3521 2027 3596 Quae
2057 3527 2259 3579 tamen
2289 3542 2424 3599 spes

240 3612 506 3673 nondum
547 3619 682 3671 rata
722 3619 831 3685 est,
872 3611 1173 3689 caligante
1214 3613 1327 3670 sub
1366 3613 1698 3672 adventum
1740 3615 2008 3692 vesperis
2050 3615 2241 3672 mari:
2285 3603 2424 3695 cum

241 3712 443 3765 autem
473 3706 727 3763 ducibus
755 3705 1002 3763 navium
1032 3706 1428 3781 superstitum
1457 3707 1625 3764 nulla
1651 3712 1810 3765 esset
1851 3706 2240 3765 consiliorum
2281 3727 2423 3766 cum

238 3796 629 3857 terrestribus
682 3797 1181 3856 conferendorum
1228 3797 1504 3869 facultas,
1562 3818 1682 3856 nox
1725 3798 1962 3857 summa
2009 3800 2313 3860 anxietate
2361 3806 2425 3860 et

240 3887 622 3949 solicitudine
648 3892 956 3949 transacta
983 3890 1233 3949 esu—J.
1268 3888 1630 3951 CORINGTON.
