2744 4138
204 159 293 218 44
820 173 950 220 nr
992 175 1069 222 ‘ro
1114 176 1237 220 mn
1282 173 1467 220 mmt
1513 175 1788 222 mmmm.

204 320 469 400 periunt,
524 321 676 382 duas
734 321 1067 383 Christiani
1118 323 1426 383 exercitus
1477 329 1682 402 partes
1728 329 1858 385 tam
1897 326 2077 403 longe
2122 321 2287 385 inter
2335 345 2407 388 se

207 415 515 493 dijunctas
542 435 673 475 esse
698 421 770 474 ut
789 418 985 476 altera
1010 417 1185 476 alteri
1212 438 1390 496 opem
1416 417 1574 476 ferre
1601 438 1724 476 non
1751 423 1974 496 posset.
2018 418 2151 492 Quo
2167 419 2401 492 audite,
2433 483 2446 494 ‚

206 508 285 565 ad
312 508 734 586 occupandum
773 508 998 568 montis
1040 529 1331 569 cacumen
1355 510 1464 568 ubi
1491 510 1863 569 Francorum
1891 509 2155 588 primum
2181 531 2406 589 agmen

206 599 534 659 consistere
567 601 809 677 jussum
856 607 1001 672 erat,
1034 621 1216 679 quam
1258 601 1568 661 celerrime
1609 603 2007 662 contendunt.
2093 603 2245 663 Inde
2273 605 2410 662 acie

206 691 521 763 instructa,
550 693 823 751 hostium
850 713 1070 772 agmen
1096 693 1496 752 novissimum
1523 713 1716 771 usque
1745 715 1813 754 eo
1843 695 2124 774 progredi
2167 695 2404 767 sinunt,

210 784 410 862 quoad
454 784 723 844 hastatos
766 785 1189 862 principesque
1233 805 1539 843 summum
1583 787 1800 845 collem
1846 806 2016 864 paene
2070 790 2406 858 assecutos,

208 883 441 936 ceteros
468 877 634 936 cavis
660 876 919 954 altisque
940 878 1057 936 viis
1083 898 1219 955 quae
1240 878 1505 936 medium
1531 881 1912 956 praepediunt
1938 879 2170 952 collem,
2189 878 2392 956 impli-

210 970 363 1029 citos
391 969 618 1028 vident.
691 969 857 1045 Quos
886 991 1075 1047 quum
1103 971 1254 1030 adeo
1273 972 1337 1028 in
1361 972 1574 1030 mortis
1599 971 2021 1030 necessitatem
2047 971 2408 1042 illexissent,

210 1063 406 1139 primo
450 1061 691 1138 sagittis
732 1063 952 1122 deinde
993 1062 1268 1122 cominus
1308 1063 1528 1140 gladiis
1556 1083 1589 1121 e
1615 1065 1932 1140 repentino
1974 1062 2189 1135 adorti,
2222 1083 2411 1140 quam

209 1155 472 1212 maxime
516 1155 785 1213 turbant.
873 1154 1112 1231 Quippe
1139 1155 1246 1232 qui
1285 1155 1526 1213 nullum
1565 1155 1799 1213 hostem
1841 1155 2050 1214 adesse
2092 1154 2408 1232 suspicati,

212 1246 319 1303 sed
348 1244 587 1315 milites,
607 1264 757 1321 quos
785 1246 971 1322 capiti
998 1245 1389 1304 imminentes
1417 1245 1712 1319 viderent,
1731 1266 1981 1305 suorum
2007 1245 2412 1306 novissimum

211 1356 432 1414 agmen
462 1355 589 1394 esse
617 1336 945 1408 credentes,
979 1337 1125 1395 satis
1152 1337 1550 1414 incomposite
1575 1338 1953 1397 incederent:
1992 1339 2173 1396 multi
2199 1338 2408 1411 etiam,

182 1475 186 1478 .
212 1434 285 1486 ut
338 1429 601 1505 pondere
657 1447 721 1487 se
774 1449 1086 1487 armorum
1139 1429 1432 1501 levarent,
1487 1429 1552 1486 in
1605 1429 1895 1507 plaustris
1949 1449 2083 1506 quae
2138 1429 2412 1488 sarcinas

214 1521 525 1594 veherent,
592 1540 665 1579 ea
731 1519 1169 1597 deposuissent.
1296 1518 1519 1579 Omnia
1590 1521 1771 1579 simul
1838 1522 2109 1597 undique
2179 1521 2412 1579 Turcas

211 1612 522 1689 adjurare,
566 1611 936 1670 Francorum
979 1611 1271 1671 virtutem
1299 1610 1542 1669 irritam
1567 1611 1855 1671 reddere:
1916 1610 2214 1689 angustiae
2255 1610 2410 1668 itin-

214 1725 384 1764 erum
401 1705 466 1762 in
490 1705 709 1781 quibus
726 1705 966 1764 ordines
994 1704 1295 1782 explicare
1311 1725 1432 1762 non
1456 1709 1766 1781 poterant:
1796 1724 2081 1764 ascensus
2099 1703 2410 1781 iniquitaS,

214 1817 349 1875 quae
378 1799 718 1874 equitatum
747 1796 949 1874 gravis
977 1801 1300 1856 armaturae
1326 1797 1607 1855 inutilem
1637 1797 1944 1870 reddebat,
1974 1795 2414 1874 impedimenta

214 1909 351 1966 quoe
377 1890 442 1948 in
470 1890 667 1948 medio
695 1890 891 1966 posita
915 1888 1257 1948 novissimis
1286 1888 1624 1960 obstabant,
1649 1889 1970 1966 quominus
1997 1888 2073 1946 iis
2096 1889 2203 1965 qui
2229 1886 2414 1966 primi

214 1986 392 2040 erant
417 1982 643 2040 auxilio
684 1983 1109 2041 subvenirent:
1155 1981 1333 2039 simul
1362 1981 1634 2057 paucitas
1663 1980 1977 2039 hominum
2004 2001 2114 2058 pro
2141 1981 2412 2040 hostium

215 2075 626 2148 multitudine,
644 2076 733 2133 ita
757 2081 830 2133 ut
846 2077 950 2134 vix
968 2081 1197 2153 septem
1226 2075 1417 2133 millia
1442 2095 1475 2134 e
1502 2076 1640 2153 plus
1660 2094 1842 2152 quam
1865 2074 2124 2151 triginta
2142 2074 2412 2135 millibus
2436 2144 2440 2147 v

214 2165 563 2243 effugerint.
650 2166 893 2243 Reliqui
920 2172 1028 2225 aut
1054 2166 1191 2225 caesi
1215 2171 1326 2225 aut
1352 2165 1678 2243 capti—J.
1706 2167 1784 2225 Y.
1822 2164 2113 2225 SARGENT.

966 2405 1175 2467 XXX.
1262 2406 1635 2485 (Limone.)

338 2540 545 2599 Primo
584 2540 853 2599 hostium
892 2540 1187 2617 adspectu
1214 2539 1259 2598 ii
1297 2541 1403 2617 qui
1442 2541 1716 2599 nondum
1756 2539 1980 2599 flumen
2020 2537 2410 2619 trajecerant,

216 2654 358 2693 cum
402 2633 700 2692 Sarmatis
740 2633 1073 2705 commixti,
1102 2633 1277 2691 effusi
1304 2633 1368 2691 in
1397 2633 1625 2711 fugam,
1655 2640 1904 2711 pontem
1945 2638 2178 2711 petunt.
2262 2634 2412 2695 'Por-

218 2731 440 2799 menta‚
481 2724 937 2805 impedimenta,
980 2745 1182 2801 eques,
1224 2725 1552 2802 peditatus,
1597 2745 1806 2784 omnes
1855 2726 2064 2784 eodem
2112 2726 2412 2797 insistere,

218 2818 499 2877 certatim
546 2817 865 2895 praeripere
912 2817 1190 2875 salutem.
1272 2816 1366 2875 Ac
1407 2818 1533 2895 jam
1561 2816 1794 2877 viribus
1835 2836 1907 2876 ac
1933 2819 2278 2878 valetudine
2318 2818 2411 2876 in·

219 2910 400 2977 firmi,
446 2914 509 2968 et
546 2910 981 2969 festinantibus
1022 2928 1257 2967 moram
1304 2910 1639 2981 afferentes,
1683 2913 1791 2968 aut
1829 2930 1868 2969 a
1907 2909 2300 2969 validioribus
2348 2910 2415 2969 in

218 2999 473 3059 fluvium
502 3001 753 3071 detrusi,
782 3006 890 3059 aut
917 3000 1172 3078 pedibus
1213 3000 1659 3079 negligentium
1701 3000 2054 3060 conculcati.
2152 3000 2416 3060 Plurimi

217 3092 332 3150 sub
370 3093 523 3151 rotis
563 3096 1005 3150 tormentorum
1033 3092 1235 3151 obruti
1262 3098 1450 3169 atque
1477 3092 1768 3170 oppressi.
1850 3092 1980 3150 Alii
2008 3093 2231 3170 quibus
2272 3112 2412 3172 spes

220 3184 423 3243 nando
452 3184 732 3261 effugere,
754 3188 865 3242 aut
888 3184 1087 3243 medio
1114 3203 1290 3242 amne
1318 3185 1484 3261 capti
1511 3184 1672 3262 gelu,
1701 3188 1810 3243 aut
1838 3185 2194 3263 fragmentis
2222 3186 2417 3263 glacie

222 3297 285 3336 se
313 3298 501 3355 quum
544 3278 876 3348 crederent,
906 3278 1004 3335 his
1034 3278 1505 3351 subsidentibus,
1536 3278 1824 3337 fluctibus
1851 3278 2056 3337 hausti
2081 3280 2412 3357 perierunt.

221 3369 421 3427 Multa
446 3370 696 3446 insuper
734 3369 927 3428 millia
968 3370 1254 3446 capitum,
1283 3371 1412 3448 jam
1452 3370 1618 3435 omni
1646 3389 1751 3448 spe
1779 3370 2014 3449 dejecti,
2043 3371 2164 3448 ipsi
2191 3391 2320 3430 sese
2348 3372 2416 3430 in

220 3464 569 3523 Beresinam
598 3463 938 3541 praecipites
965 3463 1182 3534 dand0,
1212 3482 1423 3522 necem
1451 3464 1569 3521 sibi
1594 3464 1760 3524 inter
1783 3465 1982 3523 undas
2008 3464 2374 3524 conscivere.

342 3554 586 3614 Girardi
623 3555 855 3625 cohors,
886 3554 937 3611 si
979 3554 1128 3631 quid
1167 3575 1422 3631 usquam
1463 3556 1919 3633 progredientes
1960 3562 2409 3616 remoraturum

223 3653 395 3718 esset,
428 3648 548 3706 iter
586 3647 701 3705 sibi
741 3648 904 3705 ferro
932 3646 1209 3723 aperuit:
1249 3652 1313 3705 et
1336 3648 1834 3707 transcendentes
1859 3649 2028 3706 illam
2056 3650 2415 3715 cadaverum

222 3744 449 3797 struem
478 3759 612 3816 quae
637 3740 797 3798 viam
823 3739 1155 3807 obsidebat,
1185 3737 1250 3795 in
1274 3739 1532 3798 alteram
1558 3740 1754 3817 ripam
1781 3740 2024 3817 trajecti
2053 3744 2214 3799 sunt.
2277 3740 2414 3814 Quo

222 3830 412 3891 Russi
437 3851 559 3891 non
586 3832 779 3890 multo
804 3835 945 3909 post
968 3829 1305 3889 insecuturi
1332 3835 1527 3903 erant,
1556 3832 1624 3890 ni
1649 3832 1857 3891 statim
1875 3852 2140 3891 cremare
2165 3836 2414 3911 pontem
