<?xml version="1.0" encoding="UTF-8"?>
<!DOCTYPE html PUBLIC "-//W3C//DTD XHTML 1.0 Transitional//EN"
    "http://www.w3.org/TR/xhtml1/DTD/xhtml1-transitional.dtd">
<html xmlns="http://www.w3.org/1999/xhtml" xml:lang="en" lang="en">
 <head>
  <title>
</title>
<meta http-equiv="Content-Type" content="text/html;charset=utf-8" />
  <meta name='ocr-system' content='tesseract 3.04.00' />
  <meta name='ocr-capabilities' content='ocr_page ocr_carea ocr_par ocr_line ocrx_word'/>
</head>
<body>
  <div class='ocr_page' id='page_1' title='image "./akeytomanuallat00wilkgoog_0036.png"; bbox 0 0 2744 4138; ppageno 0'>
   <div class='ocr_carea' id='block_1_1' title="bbox 1257 151 2482 216">
    <p class='ocr_par' dir='ltr' id='par_1_1' title="bbox 1257 151 2482 216">
     <span class='ocr_line' id='line_1_1' title="bbox 1257 151 2482 216; baseline -0.004 0"><span class='ocrx_word' id='word_1_1' title='bbox 1257 171 1414 216; x_wconf 73' lang='lat' dir='ltr'>PAnr</span> <span class='ocrx_word' id='word_1_2' title='bbox 1458 170 1506 216; x_wconf 89' lang='lat'>1.</span> <span class='ocrx_word' id='word_1_3' title='bbox 2396 151 2482 211; x_wconf 85' lang='lat'>25</span> 
     </span>
    </p>
   </div>
   <div class='ocr_carea' id='block_1_2' title="bbox 285 315 2485 491">
    <p class='ocr_par' dir='ltr' id='par_1_2' title="bbox 285 315 2485 491">
     <span class='ocr_line' id='line_1_2' title="bbox 285 315 2480 398; baseline -0.003 -18"><span class='ocrx_word' id='word_1_4' title='bbox 285 322 366 380; x_wconf 91' lang='lat' dir='ltr'>in</span> <span class='ocrx_word' id='word_1_5' title='bbox 393 319 515 398; x_wconf 67' lang='lat' dir='ltr'>qua</span> <span class='ocrx_word' id='word_1_6' title='bbox 540 324 603 380; x_wconf 92' lang='lat' dir='ltr'>et</span> <span class='ocrx_word' id='word_1_7' title='bbox 630 324 916 380; x_wconf 81' lang='lat' dir='ltr'>narratur</span> <span class='ocrx_word' id='word_1_8' title='bbox 941 325 1173 394; x_wconf 87' lang='lat' dir='ltr'>ornate,</span> <span class='ocrx_word' id='word_1_9' title='bbox 1203 325 1267 379; x_wconf 90' lang='lat' dir='ltr'>et</span> <span class='ocrx_word' id='word_1_10' title='bbox 1293 319 1462 398; x_wconf 86' lang='lat' dir='ltr'>regio</span> <span class='ocrx_word' id='word_1_11' title='bbox 1490 339 1648 396; x_wconf 70' lang='lat' dir='ltr'>saepe</span> <span class='ocrx_word' id='word_1_12' title='bbox 1684 323 1795 378; x_wconf 91' lang='lat' dir='ltr'>aut</span> <span class='ocrx_word' id='word_1_13' title='bbox 1832 337 2043 395; x_wconf 87' lang='lat' dir='ltr'>pugna</span> <span class='ocrx_word' id='word_1_14' title='bbox 2082 315 2443 376; x_wconf 86' lang='lat' dir='ltr'>describitur</span> <span class='ocrx_word' id='word_1_15' title='bbox 2465 340 2480 387; x_wconf 91' lang='lat'>;</span> 
     </span>
     <span class='ocr_line' id='line_1_3' title="bbox 285 409 2485 491; baseline -0.002 -18"><span class='ocrx_word' id='word_1_16' title='bbox 285 415 768 491; x_wconf 77' lang='lat' dir='ltr'>interponuntur</span> <span class='ocrx_word' id='word_1_17' title='bbox 793 415 981 473; x_wconf 88' lang='lat' dir='ltr'>etiam</span> <span class='ocrx_word' id='word_1_18' title='bbox 1019 413 1332 473; x_wconf 88' lang='lat' dir='ltr'>contiones</span> <span class='ocrx_word' id='word_1_19' title='bbox 1371 417 1435 471; x_wconf 91' lang='lat' dir='ltr'>et</span> <span class='ocrx_word' id='word_1_20' title='bbox 1474 412 1884 483; x_wconf 84' lang='lat' dir='ltr'>hortationes3</span> <span class='ocrx_word' id='word_1_21' title='bbox 1927 410 2034 469; x_wconf 91' lang='lat' dir='ltr'>sed</span> <span class='ocrx_word' id='word_1_22' title='bbox 2059 409 2123 466; x_wconf 91' lang='lat' dir='ltr'>in</span> <span class='ocrx_word' id='word_1_23' title='bbox 2150 409 2246 468; x_wconf 92' lang='lat' dir='ltr'>his</span> <span class='ocrx_word' id='word_1_24' title='bbox 2284 413 2485 468; x_wconf 83' lang='lat' dir='ltr'>tracta</span> 
     </span>
    </p>
   </div>
   <div class='ocr_carea' id='block_1_3' title="bbox 288 501 2485 668">
    <p class='ocr_par' dir='ltr' id='par_1_3' title="bbox 288 501 2485 668">
     <span class='ocr_line' id='line_1_4' title="bbox 288 501 2485 584; baseline -0.002 -21"><span class='ocrx_word' id='word_1_25' title='bbox 288 505 571 581; x_wconf 71' lang='lat' dir='ltr'>quaedam</span> <span class='ocrx_word' id='word_1_26' title='bbox 608 510 670 564; x_wconf 87' lang='lat' dir='ltr'>et</span> <span class='ocrx_word' id='word_1_27' title='bbox 699 505 891 564; x_wconf 86' lang='lat' dir='ltr'>fluens</span> <span class='ocrx_word' id='word_1_28' title='bbox 931 504 1254 584; x_wconf 84' lang='lat' dir='ltr'>expetitur,</span> <span class='ocrx_word' id='word_1_29' title='bbox 1283 523 1408 564; x_wconf 90' lang='lat' dir='ltr'>non</span> <span class='ocrx_word' id='word_1_30' title='bbox 1434 504 1563 562; x_wconf 82' lang='lat' dir='ltr'>haec</span> <span class='ocrx_word' id='word_1_31' title='bbox 1601 507 1880 562; x_wconf 87' lang='lat' dir='ltr'>contorta</span> <span class='ocrx_word' id='word_1_32' title='bbox 1906 505 1969 560; x_wconf 87' lang='lat' dir='ltr'>et</span> <span class='ocrx_word' id='word_1_33' title='bbox 1994 501 2151 560; x_wconf 86' lang='lat' dir='ltr'>acris</span> <span class='ocrx_word' id='word_1_34' title='bbox 2192 501 2485 560; x_wconf 66' lang='lat' dir='ltr'>oratia—</span> 
     </span>
     <span class='ocr_line' id='line_1_5' title="bbox 289 597 818 668; baseline 0 -11"><span class='ocrx_word' id='word_1_35' title='bbox 289 597 426 657; x_wconf 65' lang='grc'><strong>(310.</strong></span> <span class='ocrx_word' id='word_1_36' title='bbox 463 597 690 668; x_wconf 79' lang='lat' dir='ltr'><strong><em>Orator,</em></strong></span> <span class='ocrx_word' id='word_1_37' title='bbox 722 597 818 657; x_wconf 88' lang='grc'>19.</span> 
     </span>
    </p>
   </div>
   <div class='ocr_carea' id='block_1_4' title="bbox 1203 827 1575 888">
    <p class='ocr_par' dir='ltr' id='par_1_4' title="bbox 1203 827 1575 888">
     <span class='ocr_line' id='line_1_6' title="bbox 1203 827 1575 888; baseline 0.005 -2"><span class='ocrx_word' id='word_1_38' title='bbox 1203 827 1575 888; x_wconf 89' lang='lat' dir='ltr'>XXXVIII.</span> 
     </span>
    </p>
   </div>
   <div class='ocr_carea' id='block_1_5' title="bbox 253 963 2493 3900">
    <p class='ocr_par' dir='ltr' id='par_1_5' title="bbox 253 963 2493 3892">
     <span class='ocr_line' id='line_1_7' title="bbox 413 963 2482 1044; baseline -0.001 -18"><span class='ocrx_word' id='word_1_39' title='bbox 413 968 491 1027; x_wconf 91' lang='lat' dir='ltr'>Id</span> <span class='ocrx_word' id='word_1_40' title='bbox 517 967 817 1027; x_wconf 87' lang='lat' dir='ltr'>creditum</span> <span class='ocrx_word' id='word_1_41' title='bbox 854 967 1059 1044; x_wconf 86' lang='lat' dir='ltr'>vulgo.</span> <span class='ocrx_word' id='word_1_42' title='bbox 1143 968 1352 1028; x_wconf 90' lang='lat' dir='ltr'>Unum</span> <span class='ocrx_word' id='word_1_43' title='bbox 1382 967 1787 1026; x_wconf 87' lang='lat' dir='ltr'>Hannibalem</span> <span class='ocrx_word' id='word_1_44' title='bbox 1826 987 1891 1026; x_wconf 87' lang='lat' dir='ltr'>se</span> <span class='ocrx_word' id='word_1_45' title='bbox 1932 967 2059 1044; x_wconf 90' lang='lat' dir='ltr'>peti</span> <span class='ocrx_word' id='word_1_46' title='bbox 2084 966 2161 1026; x_wconf 89' lang='lat' dir='ltr'>ab</span> <span class='ocrx_word' id='word_1_47' title='bbox 2189 963 2482 1024; x_wconf 86' lang='lat' dir='ltr'>Romanis</span> 
     </span>
     <span class='ocr_line' id='line_1_8' title="bbox 290 1055 2483 1137; baseline -0 -19"><span class='ocrx_word' id='word_1_48' title='bbox 290 1080 418 1118; x_wconf 86' lang='lat' dir='ltr'>non</span> <span class='ocrx_word' id='word_1_49' title='bbox 465 1055 745 1131; x_wconf 81' lang='lat' dir='ltr'>fassebat3</span> <span class='ocrx_word' id='word_1_50' title='bbox 809 1064 872 1118; x_wconf 90' lang='lat' dir='ltr'>et</span> <span class='ocrx_word' id='word_1_51' title='bbox 911 1061 1002 1118; x_wconf 88' lang='lat' dir='ltr'>ita</span> <span class='ocrx_word' id='word_1_52' title='bbox 1048 1078 1260 1137; x_wconf 91' lang='lat' dir='ltr'>pacem</span> <span class='ocrx_word' id='word_1_53' title='bbox 1306 1058 1911 1137; x_wconf 77' lang='lat' dir='ltr'><strong>Carthaginiensibus</strong></span> <span class='ocrx_word' id='word_1_54' title='bbox 1964 1059 2170 1118; x_wconf 85' lang='lat' dir='ltr'>datam</span> <span class='ocrx_word' id='word_1_55' title='bbox 2216 1077 2361 1131; x_wconf 89' lang='lat' dir='ltr'>esse,</span> <span class='ocrx_word' id='word_1_56' title='bbox 2412 1063 2483 1117; x_wconf 87' lang='lat' dir='ltr'>ut</span> 
     </span>
     <span class='ocr_line' id='line_1_9' title="bbox 291 1150 2483 1231; baseline -0.001 -19"><span class='ocrx_word' id='word_1_57' title='bbox 291 1153 657 1231; x_wconf 81' lang='lat' dir='ltr'>inexpiabile</span> <span class='ocrx_word' id='word_1_58' title='bbox 699 1153 926 1211; x_wconf 89' lang='lat' dir='ltr'>bellum</span> <span class='ocrx_word' id='word_1_59' title='bbox 973 1153 1260 1213; x_wconf 85' lang='lat' dir='ltr'>adversus</span> <span class='ocrx_word' id='word_1_60' title='bbox 1297 1173 1362 1212; x_wconf 89' lang='lat' dir='ltr'>se</span> <span class='ocrx_word' id='word_1_61' title='bbox 1407 1173 1599 1211; x_wconf 90' lang='lat' dir='ltr'>unum</span> <span class='ocrx_word' id='word_1_62' title='bbox 1644 1157 1933 1211; x_wconf 88' lang='lat' dir='ltr'>maneret.</span> <span class='ocrx_word' id='word_1_63' title='bbox 2015 1150 2228 1228; x_wconf 90' lang='lat' dir='ltr'>Itaque</span> <span class='ocrx_word' id='word_1_64' title='bbox 2271 1151 2483 1210; x_wconf 80' lang='lat' dir='ltr'>cedere</span> 
     </span>
     <span class='ocr_line' id='line_1_10' title="bbox 291 1243 2482 1324; baseline -0.001 -20"><span class='ocrx_word' id='word_1_65' title='bbox 291 1245 558 1324; x_wconf 88' lang='lat' dir='ltr'>tempori</span> <span class='ocrx_word' id='word_1_66' title='bbox 585 1250 647 1306; x_wconf 88' lang='lat' dir='ltr'>et</span> <span class='ocrx_word' id='word_1_67' title='bbox 671 1244 930 1305; x_wconf 70' lang='lat' dir='ltr'>fortunae</span> <span class='ocrx_word' id='word_1_68' title='bbox 973 1247 1228 1318; x_wconf 84' lang='lat' dir='ltr'>statuit3</span> <span class='ocrx_word' id='word_1_69' title='bbox 1271 1251 1348 1319; x_wconf 90' lang='lat' dir='ltr'>et,</span> <span class='ocrx_word' id='word_1_70' title='bbox 1380 1246 1729 1323; x_wconf 66' lang='lat' dir='ltr'>praeparatis</span> <span class='ocrx_word' id='word_1_71' title='bbox 1768 1245 1894 1323; x_wconf 85' lang='lat' dir='ltr'>jam</span> <span class='ocrx_word' id='word_1_72' title='bbox 1919 1247 2059 1302; x_wconf 83' lang='lat' dir='ltr'>ante</span> <span class='ocrx_word' id='word_1_73' title='bbox 2100 1245 2377 1303; x_wconf 90' lang='lat' dir='ltr'>omnibus</span> <span class='ocrx_word' id='word_1_74' title='bbox 2404 1243 2482 1302; x_wconf 88' lang='lat' dir='ltr'>ad</span> 
     </span>
     <span class='ocr_line' id='line_1_11' title="bbox 293 1335 2482 1414; baseline -0 -19"><span class='ocrx_word' id='word_1_75' title='bbox 293 1337 526 1414; x_wconf 86' lang='lat' dir='ltr'>fugam,</span> <span class='ocrx_word' id='word_1_76' title='bbox 564 1338 920 1396; x_wconf 85' lang='lat' dir='ltr'>obversatus</span> <span class='ocrx_word' id='word_1_77' title='bbox 966 1357 1038 1396; x_wconf 89' lang='lat' dir='ltr'>eo</span> <span class='ocrx_word' id='word_1_78' title='bbox 1084 1338 1182 1397; x_wconf 91' lang='lat' dir='ltr'>die</span> <span class='ocrx_word' id='word_1_79' title='bbox 1223 1338 1286 1395; x_wconf 93' lang='lat' dir='ltr'>in</span> <span class='ocrx_word' id='word_1_80' title='bbox 1329 1338 1461 1398; x_wconf 89' lang='lat' dir='ltr'>foro</span> <span class='ocrx_word' id='word_1_81' title='bbox 1500 1337 1840 1396; x_wconf 66' lang='lat' dir='ltr'>avertendae</span> <span class='ocrx_word' id='word_1_82' title='bbox 1886 1335 2239 1414; x_wconf 85' lang='lat' dir='ltr'>suspicionis</span> <span class='ocrx_word' id='word_1_83' title='bbox 2283 1335 2482 1406; x_wconf 65' lang='lat' dir='ltr'>causa,</span> 
     </span>
     <span class='ocr_line' id='line_1_12' title="bbox 297 1426 2485 1506; baseline -0.001 -20"><span class='ocrx_word' id='word_1_84' title='bbox 297 1429 512 1506; x_wconf 90' lang='lat' dir='ltr'>primis</span> <span class='ocrx_word' id='word_1_85' title='bbox 560 1429 828 1488; x_wconf 89' lang='lat' dir='ltr'>tenebris</span> <span class='ocrx_word' id='word_1_86' title='bbox 872 1429 1101 1488; x_wconf 85' lang='lat' dir='ltr'>vestitu</span> <span class='ocrx_word' id='word_1_87' title='bbox 1146 1428 1377 1489; x_wconf 83' lang='lat' dir='ltr'>forensi</span> <span class='ocrx_word' id='word_1_88' title='bbox 1420 1449 1558 1488; x_wconf 91' lang='lat' dir='ltr'>cum</span> <span class='ocrx_word' id='word_1_89' title='bbox 1608 1429 1845 1488; x_wconf 89' lang='lat' dir='ltr'>duobus</span> <span class='ocrx_word' id='word_1_90' title='bbox 1892 1427 2210 1488; x_wconf 75' lang='lat' dir='ltr'>comitibus</span> <span class='ocrx_word' id='word_1_91' title='bbox 2256 1426 2485 1506; x_wconf 90' lang='lat' dir='ltr'>ignaris</span> 
     </span>
     <span class='ocr_line' id='line_1_13' title="bbox 295 1519 2485 1598; baseline -0.001 -20"><span class='ocrx_word' id='word_1_92' title='bbox 295 1519 533 1578; x_wconf 89' lang='lat' dir='ltr'>consilii</span> <span class='ocrx_word' id='word_1_93' title='bbox 560 1524 655 1579; x_wconf 90' lang='lat' dir='ltr'>est</span> <span class='ocrx_word' id='word_1_94' title='bbox 679 1539 970 1596; x_wconf 83' lang='lat' dir='ltr'>egressus.</span> <span class='ocrx_word' id='word_1_95' title='bbox 1054 1520 1257 1594; x_wconf 78' lang='lat' dir='ltr'>Quum</span> <span class='ocrx_word' id='word_1_96' title='bbox 1284 1519 1445 1598; x_wconf 90' lang='lat' dir='ltr'>equi,</span> <span class='ocrx_word' id='word_1_97' title='bbox 1474 1540 1591 1598; x_wconf 91' lang='lat' dir='ltr'>quo</span> <span class='ocrx_word' id='word_1_98' title='bbox 1618 1521 1685 1578; x_wconf 89' lang='lat' dir='ltr'>in</span> <span class='ocrx_word' id='word_1_99' title='bbox 1712 1521 1843 1579; x_wconf 90' lang='lat' dir='ltr'>loco</span> <span class='ocrx_word' id='word_1_100' title='bbox 1862 1521 2019 1598; x_wconf 88' lang='lat' dir='ltr'>jussi</span> <span class='ocrx_word' id='word_1_101' title='bbox 2047 1524 2235 1591; x_wconf 89' lang='lat' dir='ltr'>erant,</span> <span class='ocrx_word' id='word_1_102' title='bbox 2265 1522 2485 1597; x_wconf 55' lang='lat' dir='ltr'>praessto</span> 
     </span>
     <span class='ocr_line' id='line_1_14' title="bbox 297 1611 2487 1692; baseline -0 -23"><span class='ocrx_word' id='word_1_103' title='bbox 297 1611 572 1686; x_wconf 84' lang='lat' dir='ltr'>fuissent,</span> <span class='ocrx_word' id='word_1_104' title='bbox 601 1617 779 1670; x_wconf 85' lang='lat' dir='ltr'>nocte</span> <span class='ocrx_word' id='word_1_105' title='bbox 805 1613 1133 1691; x_wconf 80' lang='lat' dir='ltr'>Byzacium</span> <span class='ocrx_word' id='word_1_106' title='bbox 1166 1618 1599 1692; x_wconf 75' lang='lat' dir='ltr'>transgressuS,</span> <span class='ocrx_word' id='word_1_107' title='bbox 1626 1616 1868 1692; x_wconf 88' lang='lat' dir='ltr'>postero</span> <span class='ocrx_word' id='word_1_108' title='bbox 1908 1613 2005 1670; x_wconf 90' lang='lat' dir='ltr'>die</span> <span class='ocrx_word' id='word_1_109' title='bbox 2032 1612 2108 1671; x_wconf 90' lang='lat' dir='ltr'>ad</span> <span class='ocrx_word' id='word_1_110' title='bbox 2135 1631 2299 1670; x_wconf 90' lang='lat' dir='ltr'>mare</span> <span class='ocrx_word' id='word_1_111' title='bbox 2324 1611 2487 1669; x_wconf 88' lang='lat' dir='ltr'>inter</span> 
     </span>
     <span class='ocr_line' id='line_1_15' title="bbox 295 1704 2487 1783; baseline -0 -20"><span class='ocrx_word' id='word_1_112' title='bbox 295 1705 621 1765; x_wconf 87' lang='lat' dir='ltr'>Achollam</span> <span class='ocrx_word' id='word_1_113' title='bbox 648 1710 712 1764; x_wconf 92' lang='lat' dir='ltr'>et</span> <span class='ocrx_word' id='word_1_114' title='bbox 732 1704 1042 1782; x_wconf 79' lang='lat' dir='ltr'>Thapsum</span> <span class='ocrx_word' id='word_1_115' title='bbox 1060 1705 1138 1763; x_wconf 85' lang='lat' dir='ltr'>ad</span> <span class='ocrx_word' id='word_1_116' title='bbox 1165 1725 1335 1764; x_wconf 87' lang='lat' dir='ltr'>suam</span> <span class='ocrx_word' id='word_1_117' title='bbox 1357 1710 1589 1764; x_wconf 90' lang='lat' dir='ltr'>turrem</span> <span class='ocrx_word' id='word_1_118' title='bbox 1618 1705 1912 1783; x_wconf 85' lang='lat' dir='ltr'>pervenit.</span> <span class='ocrx_word' id='word_1_119' title='bbox 1995 1704 2091 1762; x_wconf 93' lang='lat' dir='ltr'>Ibi</span> <span class='ocrx_word' id='word_1_120' title='bbox 2110 1724 2251 1762; x_wconf 89' lang='lat' dir='ltr'>eum</span> <span class='ocrx_word' id='word_1_121' title='bbox 2272 1708 2487 1781; x_wconf 88' lang='lat' dir='ltr'>parata</span> 
     </span>
     <span class='ocr_line' id='line_1_16' title="bbox 295 1794 2482 1874; baseline -0.001 -20"><span class='ocrx_word' id='word_1_122' title='bbox 295 1797 716 1872; x_wconf 88' lang='lat' dir='ltr'>instructaque</span> <span class='ocrx_word' id='word_1_123' title='bbox 742 1795 996 1874; x_wconf 86' lang='lat' dir='ltr'>remigio</span> <span class='ocrx_word' id='word_1_124' title='bbox 1017 1796 1255 1874; x_wconf 84' lang='lat' dir='ltr'>excepit</span> <span class='ocrx_word' id='word_1_125' title='bbox 1271 1797 1464 1856; x_wconf 83' lang='lat' dir='ltr'>navis.</span> <span class='ocrx_word' id='word_1_126' title='bbox 1548 1797 1647 1854; x_wconf 91' lang='lat' dir='ltr'>Ita</span> <span class='ocrx_word' id='word_1_127' title='bbox 1663 1794 1873 1853; x_wconf 70' lang='lat' dir='ltr'>Africa</span> <span class='ocrx_word' id='word_1_128' title='bbox 1888 1795 2195 1853; x_wconf 86' lang='lat' dir='ltr'>Hannibal</span> <span class='ocrx_word' id='word_1_129' title='bbox 2212 1795 2482 1865; x_wconf 87' lang='lat' dir='ltr'>excessit,</span> 
     </span>
     <span class='ocr_line' id='line_1_17' title="bbox 296 1884 2485 1965; baseline -0.002 -19"><span class='ocrx_word' id='word_1_130' title='bbox 296 1886 516 1965; x_wconf 84' lang='lat' dir='ltr'>soepius</span> <span class='ocrx_word' id='word_1_131' title='bbox 560 1886 773 1963; x_wconf 81' lang='lat' dir='ltr'>patriae</span> <span class='ocrx_word' id='word_1_132' title='bbox 817 1905 1000 1963; x_wconf 89' lang='lat' dir='ltr'>quam</span> <span class='ocrx_word' id='word_1_133' title='bbox 1043 1906 1223 1945; x_wconf 89' lang='lat' dir='ltr'>suum</span> <span class='ocrx_word' id='word_1_134' title='bbox 1271 1891 1556 1945; x_wconf 86' lang='lat' dir='ltr'>eventum</span> <span class='ocrx_word' id='word_1_135' title='bbox 1596 1887 1935 1945; x_wconf 89' lang='lat' dir='ltr'>miseratus.</span> <span class='ocrx_word' id='word_1_136' title='bbox 2016 1886 2247 1944; x_wconf 85' lang='lat' dir='ltr'>Eodem</span> <span class='ocrx_word' id='word_1_137' title='bbox 2295 1885 2393 1944; x_wconf 89' lang='lat' dir='ltr'>die</span> <span class='ocrx_word' id='word_1_138' title='bbox 2419 1884 2485 1943; x_wconf 91' lang='lat' dir='ltr'>in</span> 
     </span>
     <span class='ocr_line' id='line_1_18' title="bbox 298 1977 2488 2058; baseline -0.001 -20"><span class='ocrx_word' id='word_1_139' title='bbox 298 1978 618 2038; x_wconf 85' lang='lat' dir='ltr'>Cercinam</span> <span class='ocrx_word' id='word_1_140' title='bbox 654 1979 922 2037; x_wconf 88' lang='lat' dir='ltr'>insulam</span> <span class='ocrx_word' id='word_1_141' title='bbox 962 1979 1221 2058; x_wconf 88' lang='lat' dir='ltr'>trajecit.</span> <span class='ocrx_word' id='word_1_142' title='bbox 1302 1977 1429 2037; x_wconf 90' lang='lat' dir='ltr'>Ubi</span> <span class='ocrx_word' id='word_1_143' title='bbox 1468 1999 1653 2056; x_wconf 87' lang='lat' dir='ltr'>quum</span> <span class='ocrx_word' id='word_1_144' title='bbox 1693 1979 1759 2036; x_wconf 90' lang='lat' dir='ltr'>in</span> <span class='ocrx_word' id='word_1_145' title='bbox 1796 1985 1977 2056; x_wconf 89' lang='lat' dir='ltr'>portu</span> <span class='ocrx_word' id='word_1_146' title='bbox 2021 1997 2208 2036; x_wconf 82' lang='lat' dir='ltr'>naves</span> <span class='ocrx_word' id='word_1_147' title='bbox 2255 1977 2488 2055; x_wconf 88' lang='lat' dir='ltr'>aliquot</span> 
     </span>
     <span class='ocr_line' id='line_1_19' title="bbox 253 2072 2486 2149; baseline 0 -18"><span class='ocrx_word' id='word_1_148' title='bbox 253 2080 256 2083; x_wconf 80' lang='grc'><strong><em>’</em></strong></span> <span class='ocrx_word' id='word_1_149' title='bbox 297 2074 660 2133; x_wconf 87' lang='lat' dir='ltr'>Phoenicum</span> <span class='ocrx_word' id='word_1_150' title='bbox 706 2072 1008 2133; x_wconf 84' lang='lat' dir='ltr'>onerarias</span> <span class='ocrx_word' id='word_1_151' title='bbox 1046 2093 1187 2132; x_wconf 88' lang='lat' dir='ltr'>cum</span> <span class='ocrx_word' id='word_1_152' title='bbox 1230 2073 1531 2132; x_wconf 86' lang='lat' dir='ltr'>mercibus</span> <span class='ocrx_word' id='word_1_153' title='bbox 1566 2073 1915 2145; x_wconf 87' lang='lat' dir='ltr'>invenisset,</span> <span class='ocrx_word' id='word_1_154' title='bbox 1956 2077 2019 2132; x_wconf 88' lang='lat' dir='ltr'>et</span> <span class='ocrx_word' id='word_1_155' title='bbox 2062 2073 2141 2132; x_wconf 90' lang='lat' dir='ltr'>ad</span> <span class='ocrx_word' id='word_1_156' title='bbox 2182 2092 2486 2149; x_wconf 89' lang='lat' dir='ltr'>egressum</span> 
     </span>
     <span class='ocr_line' id='line_1_20' title="bbox 297 2166 2488 2246; baseline 0 -23"><span class='ocrx_word' id='word_1_157' title='bbox 297 2184 439 2223; x_wconf 89' lang='lat' dir='ltr'>eum</span> <span class='ocrx_word' id='word_1_158' title='bbox 467 2186 501 2225; x_wconf 91' lang='lat' dir='ltr'>e</span> <span class='ocrx_word' id='word_1_159' title='bbox 526 2186 682 2225; x_wconf 85' lang='lat' dir='ltr'>nave</span> <span class='ocrx_word' id='word_1_160' title='bbox 709 2184 1036 2225; x_wconf 86' lang='lat' dir='ltr'>concursus</span> <span class='ocrx_word' id='word_1_161' title='bbox 1067 2166 1469 2225; x_wconf 89' lang='lat' dir='ltr'>salutantium</span> <span class='ocrx_word' id='word_1_162' title='bbox 1493 2170 1653 2224; x_wconf 91' lang='lat' dir='ltr'>esset</span> <span class='ocrx_word' id='word_1_163' title='bbox 1679 2166 1909 2238; x_wconf 84' lang='lat' dir='ltr'>factus3</span> <span class='ocrx_word' id='word_1_164' title='bbox 1950 2166 2488 2246; x_wconf 71' lang='lat' dir='ltr'>percunctantibus</span> 
     </span>
     <span class='ocr_line' id='line_1_21' title="bbox 299 2258 2489 2337; baseline 0 -20"><span class='ocrx_word' id='word_1_165' title='bbox 299 2260 570 2337; x_wconf 85' lang='lat' dir='ltr'>legatum</span> <span class='ocrx_word' id='word_1_166' title='bbox 597 2278 661 2318; x_wconf 89' lang='lat' dir='ltr'>se</span> <span class='ocrx_word' id='word_1_167' title='bbox 702 2258 932 2337; x_wconf 79' lang='lat' dir='ltr'>Tyrum</span> <span class='ocrx_word' id='word_1_168' title='bbox 979 2258 1235 2317; x_wconf 90' lang='lat' dir='ltr'>missum</span> <span class='ocrx_word' id='word_1_169' title='bbox 1279 2260 1399 2318; x_wconf 90' lang='lat' dir='ltr'>dici</span> <span class='ocrx_word' id='word_1_170' title='bbox 1433 2258 1636 2337; x_wconf 86' lang='lat' dir='ltr'>jussit.</span> <span class='ocrx_word' id='word_1_171' title='bbox 1722 2258 1970 2317; x_wconf 88' lang='lat' dir='ltr'>Veritus</span> <span class='ocrx_word' id='word_1_172' title='bbox 2007 2265 2229 2331; x_wconf 90' lang='lat' dir='ltr'>tamen,</span> <span class='ocrx_word' id='word_1_173' title='bbox 2256 2278 2333 2317; x_wconf 91' lang='lat' dir='ltr'>ne</span> <span class='ocrx_word' id='word_1_174' title='bbox 2368 2278 2489 2335; x_wconf 84' lang='lat' dir='ltr'>qua</span> 
     </span>
     <span class='ocr_line' id='line_1_22' title="bbox 297 2347 2483 2429; baseline -0.001 -21"><span class='ocrx_word' id='word_1_175' title='bbox 297 2369 508 2409; x_wconf 86' lang='lat' dir='ltr'>earum</span> <span class='ocrx_word' id='word_1_176' title='bbox 534 2348 711 2408; x_wconf 87' lang='lat' dir='ltr'>navis</span> <span class='ocrx_word' id='word_1_177' title='bbox 737 2354 915 2408; x_wconf 90' lang='lat' dir='ltr'>nocte</span> <span class='ocrx_word' id='word_1_178' title='bbox 941 2349 1215 2426; x_wconf 85' lang='lat' dir='ltr'>profecta</span> <span class='ocrx_word' id='word_1_179' title='bbox 1241 2348 1551 2429; x_wconf 84' lang='lat' dir='ltr'>Thapsum</span> <span class='ocrx_word' id='word_1_180' title='bbox 1587 2352 1697 2407; x_wconf 89' lang='lat' dir='ltr'>aut</span> <span class='ocrx_word' id='word_1_181' title='bbox 1721 2347 2128 2408; x_wconf 89' lang='lat' dir='ltr'>Adrumetum</span> <span class='ocrx_word' id='word_1_182' title='bbox 2153 2349 2483 2420; x_wconf 75' lang='lat' dir='ltr'>nuntiaret,</span> 
     </span>
     <span class='ocr_line' id='line_1_23' title="bbox 295 2439 2487 2519; baseline -0.002 -18"><span class='ocrx_word' id='word_1_183' title='bbox 295 2462 362 2501; x_wconf 90' lang='lat' dir='ltr'>se</span> <span class='ocrx_word' id='word_1_184' title='bbox 413 2439 682 2501; x_wconf 70' lang='lat' dir='ltr'>Cercinae</span> <span class='ocrx_word' id='word_1_185' title='bbox 725 2440 943 2513; x_wconf 86' lang='lat' dir='ltr'>visum,</span> <span class='ocrx_word' id='word_1_186' title='bbox 989 2442 1279 2499; x_wconf 90' lang='lat' dir='ltr'>sacrificio</span> <span class='ocrx_word' id='word_1_187' title='bbox 1319 2442 1602 2519; x_wconf 88' lang='lat' dir='ltr'>apparari</span> <span class='ocrx_word' id='word_1_188' title='bbox 1641 2442 1829 2519; x_wconf 81' lang='lat' dir='ltr'>jusso,</span> <span class='ocrx_word' id='word_1_189' title='bbox 1870 2442 2193 2519; x_wconf 87' lang='lat' dir='ltr'>magistros</span> <span class='ocrx_word' id='word_1_190' title='bbox 2232 2441 2487 2498; x_wconf 87' lang='lat' dir='ltr'>navium</span> 
     </span>
     <span class='ocr_line' id='line_1_24' title="bbox 293 2530 2488 2610; baseline -0.001 -19"><span class='ocrx_word' id='word_1_191' title='bbox 293 2537 778 2608; x_wconf 85' lang='lat' dir='ltr'>mercatoresque</span> <span class='ocrx_word' id='word_1_192' title='bbox 818 2530 1067 2589; x_wconf 84' lang='lat' dir='ltr'>invitari</span> <span class='ocrx_word' id='word_1_193' title='bbox 1098 2532 1321 2610; x_wconf 89' lang='lat' dir='ltr'>jussit:</span> <span class='ocrx_word' id='word_1_194' title='bbox 1365 2538 1429 2590; x_wconf 89' lang='lat' dir='ltr'>et</span> <span class='ocrx_word' id='word_1_195' title='bbox 1456 2534 1590 2591; x_wconf 87' lang='lat' dir='ltr'>vela</span> <span class='ocrx_word' id='word_1_196' title='bbox 1630 2553 1768 2591; x_wconf 91' lang='lat' dir='ltr'>cum</span> <span class='ocrx_word' id='word_1_197' title='bbox 1809 2531 2087 2591; x_wconf 87' lang='lat' dir='ltr'>antennis</span> <span class='ocrx_word' id='word_1_198' title='bbox 2114 2551 2189 2591; x_wconf 86' lang='lat' dir='ltr'>ex</span> <span class='ocrx_word' id='word_1_199' title='bbox 2226 2531 2488 2591; x_wconf 81' lang='lat' dir='ltr'>navibus</span> 
     </span>
     <span class='ocr_line' id='line_1_25' title="bbox 296 2623 2487 2703; baseline -0.001 -19"><span class='ocrx_word' id='word_1_200' title='bbox 296 2626 624 2703; x_wconf 86' lang='lat' dir='ltr'>corrogari,</span> <span class='ocrx_word' id='word_1_201' title='bbox 654 2630 729 2683; x_wconf 91' lang='lat' dir='ltr'>ut</span> <span class='ocrx_word' id='word_1_202' title='bbox 754 2623 1275 2684; x_wconf 87' lang='lat' dir='ltr'>umbra—etenim</span> <span class='ocrx_word' id='word_1_203' title='bbox 1302 2625 1504 2684; x_wconf 90' lang='lat' dir='ltr'>media</span> <span class='ocrx_word' id='word_1_204' title='bbox 1523 2631 1697 2684; x_wconf 78' lang='lat' dir='ltr'>aestas</span> <span class='ocrx_word' id='word_1_205' title='bbox 1726 2626 1881 2682; x_wconf 86' lang='lat' dir='ltr'>sorte</span> <span class='ocrx_word' id='word_1_206' title='bbox 1901 2623 2487 2683; x_wconf 77' lang='lat' dir='ltr'>erat—coenantibus</span> 
     </span>
     <span class='ocr_line' id='line_1_26' title="bbox 296 2716 2486 2795; baseline -0 -18"><span class='ocrx_word' id='word_1_207' title='bbox 296 2719 362 2777; x_wconf 89' lang='lat' dir='ltr'>in</span> <span class='ocrx_word' id='word_1_208' title='bbox 383 2719 558 2777; x_wconf 90' lang='lat' dir='ltr'>litore</span> <span class='ocrx_word' id='word_1_209' title='bbox 580 2718 768 2777; x_wconf 85' lang='lat' dir='ltr'>fieret.</span> <span class='ocrx_word' id='word_1_210' title='bbox 841 2716 1154 2790; x_wconf 78' lang='lat' dir='ltr'>Quantum</span> <span class='ocrx_word' id='word_1_211' title='bbox 1169 2736 1266 2775; x_wconf 93' lang='lat' dir='ltr'>res</span> <span class='ocrx_word' id='word_1_212' title='bbox 1287 2723 1350 2776; x_wconf 90' lang='lat' dir='ltr'>et</span> <span class='ocrx_word' id='word_1_213' title='bbox 1367 2721 1607 2795; x_wconf 84' lang='lat' dir='ltr'>tempus</span> <span class='ocrx_word' id='word_1_214' title='bbox 1631 2718 1992 2795; x_wconf 90' lang='lat' dir='ltr'>patiebatur,</span> <span class='ocrx_word' id='word_1_215' title='bbox 2011 2722 2315 2795; x_wconf 84' lang='lat' dir='ltr'>apparatae</span> <span class='ocrx_word' id='word_1_216' title='bbox 2336 2718 2486 2776; x_wconf 89' lang='lat' dir='ltr'>cele-</span> 
     </span>
     <span class='ocr_line' id='line_1_27' title="bbox 297 2810 2490 2889; baseline 0 -20"><span class='ocrx_word' id='word_1_217' title='bbox 297 2812 609 2889; x_wconf 78' lang='lat' dir='ltr'>bratoeque</span> <span class='ocrx_word' id='word_1_218' title='bbox 636 2812 768 2889; x_wconf 87' lang='lat' dir='ltr'>ejus</span> <span class='ocrx_word' id='word_1_219' title='bbox 811 2810 934 2868; x_wconf 90' lang='lat' dir='ltr'>diei</span> <span class='ocrx_word' id='word_1_220' title='bbox 975 2811 1165 2888; x_wconf 77' lang='lat' dir='ltr'>epulae</span> <span class='ocrx_word' id='word_1_221' title='bbox 1205 2814 1383 2869; x_wconf 87' lang='lat' dir='ltr'>sunt:</span> <span class='ocrx_word' id='word_1_222' title='bbox 1427 2812 1739 2887; x_wconf 88' lang='lat' dir='ltr'>multoque</span> <span class='ocrx_word' id='word_1_223' title='bbox 1777 2810 1921 2868; x_wconf 83' lang='lat' dir='ltr'>vino</span> <span class='ocrx_word' id='word_1_224' title='bbox 1961 2811 2025 2868; x_wconf 91' lang='lat' dir='ltr'>in</span> <span class='ocrx_word' id='word_1_225' title='bbox 2052 2830 2254 2868; x_wconf 88' lang='lat' dir='ltr'>serum</span> <span class='ocrx_word' id='word_1_226' title='bbox 2292 2810 2490 2870; x_wconf 91' lang='lat' dir='ltr'>noctis</span> 
     </span>
     <span class='ocr_line' id='line_1_28' title="bbox 299 2902 2491 2980; baseline -0.002 -18"><span class='ocrx_word' id='word_1_227' title='bbox 299 2904 652 2963; x_wconf 83' lang='lat' dir='ltr'>convivium</span> <span class='ocrx_word' id='word_1_228' title='bbox 680 2902 1069 2980; x_wconf 86' lang='lat' dir='ltr'>productum.</span> <span class='ocrx_word' id='word_1_229' title='bbox 1113 2902 1439 2975; x_wconf 88' lang='lat' dir='ltr'>Hannibal,</span> <span class='ocrx_word' id='word_1_230' title='bbox 1468 2922 1654 2979; x_wconf 91' lang='lat' dir='ltr'>quum</span> <span class='ocrx_word' id='word_1_231' title='bbox 1680 2902 1943 2979; x_wconf 87' lang='lat' dir='ltr'>primum</span> <span class='ocrx_word' id='word_1_232' title='bbox 1968 2902 2220 2961; x_wconf 82' lang='lat' dir='ltr'>fallendi</span> <span class='ocrx_word' id='word_1_233' title='bbox 2246 2922 2365 2974; x_wconf 76' lang='lat' dir='ltr'>eOS,</span> <span class='ocrx_word' id='word_1_234' title='bbox 2385 2902 2491 2980; x_wconf 87' lang='lat' dir='ltr'>qui</span> 
     </span>
     <span class='ocr_line' id='line_1_29' title="bbox 298 2984 2489 3073; baseline 0 -20"><span class='ocrx_word' id='word_1_235' title='bbox 298 2996 365 3053; x_wconf 92' lang='lat' dir='ltr'>in</span> <span class='ocrx_word' id='word_1_236' title='bbox 394 3000 578 3073; x_wconf 89' lang='lat' dir='ltr'>portu</span> <span class='ocrx_word' id='word_1_237' title='bbox 603 2998 796 3069; x_wconf 90' lang='lat' dir='ltr'>erant,</span> <span class='ocrx_word' id='word_1_238' title='bbox 815 2999 1058 3072; x_wconf 83' lang='lat' dir='ltr'>tempus</span> <span class='ocrx_word' id='word_1_239' title='bbox 1087 2994 1320 3066; x_wconf 90' lang='lat' dir='ltr'>habuit,</span> <span class='ocrx_word' id='word_1_240' title='bbox 1339 3013 1559 3052; x_wconf 84' lang='lat' dir='ltr'>navem</span> <span class='ocrx_word' id='word_1_241' title='bbox 1586 2993 1781 3053; x_wconf 88' lang='lat' dir='ltr'>solvit.</span> <span class='ocrx_word' id='word_1_242' title='bbox 1865 2984 2065 3053; x_wconf 79' lang='lat' dir='ltr'>Ceteri</span> <span class='ocrx_word' id='word_1_243' title='bbox 2090 2994 2275 3071; x_wconf 88' lang='lat' dir='ltr'>sopiti</span> <span class='ocrx_word' id='word_1_244' title='bbox 2300 3014 2489 3072; x_wconf 87' lang='lat' dir='ltr'>quum</span> 
     </span>
     <span class='ocr_line' id='line_1_30' title="bbox 299 3086 2491 3166; baseline -0.001 -18"><span class='ocrx_word' id='word_1_245' title='bbox 299 3095 541 3166; x_wconf 90' lang='lat' dir='ltr'>postero</span> <span class='ocrx_word' id='word_1_246' title='bbox 567 3087 665 3147; x_wconf 91' lang='lat' dir='ltr'>die</span> <span class='ocrx_word' id='word_1_247' title='bbox 694 3087 938 3147; x_wconf 87' lang='lat' dir='ltr'>tandem</span> <span class='ocrx_word' id='word_1_248' title='bbox 969 3106 1046 3145; x_wconf 84' lang='lat' dir='ltr'>ex</span> <span class='ocrx_word' id='word_1_249' title='bbox 1072 3106 1285 3146; x_wconf 91' lang='lat' dir='ltr'>somno</span> <span class='ocrx_word' id='word_1_250' title='bbox 1323 3086 1491 3163; x_wconf 90' lang='lat' dir='ltr'>pleni</span> <span class='ocrx_word' id='word_1_251' title='bbox 1518 3087 1779 3163; x_wconf 75' lang='lat' dir='ltr'>crapulae</span> <span class='ocrx_word' id='word_1_252' title='bbox 1817 3087 2231 3160; x_wconf 84' lang='lat' dir='ltr'>surrexissent,</span> <span class='ocrx_word' id='word_1_253' title='bbox 2260 3088 2491 3164; x_wconf 86' lang='lat' dir='ltr'>aliquot</span> 
     </span>
     <span class='ocr_line' id='line_1_31' title="bbox 298 3178 2491 3256; baseline -0 -17"><span class='ocrx_word' id='word_1_254' title='bbox 298 3182 481 3239; x_wconf 88' lang='lat' dir='ltr'>horas</span> <span class='ocrx_word' id='word_1_255' title='bbox 508 3179 842 3239; x_wconf 85' lang='lat' dir='ltr'>referendis</span> <span class='ocrx_word' id='word_1_256' title='bbox 869 3178 936 3237; x_wconf 90' lang='lat' dir='ltr'>in</span> <span class='ocrx_word' id='word_1_257' title='bbox 961 3199 1149 3239; x_wconf 83' lang='lat' dir='ltr'>naves</span> <span class='ocrx_word' id='word_1_258' title='bbox 1190 3178 1674 3256; x_wconf 84' lang='lat' dir='ltr'>collocandisque</span> <span class='ocrx_word' id='word_1_259' title='bbox 1702 3183 1764 3238; x_wconf 91' lang='lat' dir='ltr'>et</span> <span class='ocrx_word' id='word_1_260' title='bbox 1789 3178 2071 3255; x_wconf 87' lang='lat' dir='ltr'>aptandis</span> <span class='ocrx_word' id='word_1_261' title='bbox 2098 3180 2491 3239; x_wconf 87' lang='lat' dir='ltr'>armamentis</span> 
     </span>
     <span class='ocr_line' id='line_1_32' title="bbox 300 3270 2489 3351; baseline -0 -20"><span class='ocrx_word' id='word_1_262' title='bbox 300 3273 789 3351; x_wconf 78' lang='lat' dir='ltr'>absumpserunt.</span> <span class='ocrx_word' id='word_1_263' title='bbox 834 3270 1218 3349; x_wconf 17' lang='lat' dir='ltr'>,Carthagine</span> <span class='ocrx_word' id='word_1_264' title='bbox 1244 3275 1306 3330; x_wconf 90' lang='lat' dir='ltr'>et</span> <span class='ocrx_word' id='word_1_265' title='bbox 1331 3270 1757 3343; x_wconf 88' lang='lat' dir='ltr'>multitudinis,</span> <span class='ocrx_word' id='word_1_266' title='bbox 1779 3278 2029 3330; x_wconf 73' lang='lat' dir='ltr'>assuetae</span> <span class='ocrx_word' id='word_1_267' title='bbox 2048 3272 2299 3330; x_wconf 88' lang='lat' dir='ltr'>domum</span> <span class='ocrx_word' id='word_1_268' title='bbox 2318 3271 2489 3330; x_wconf 89' lang='lat' dir='ltr'>Han-</span> 
     </span>
     <span class='ocr_line' id='line_1_33' title="bbox 301 3362 2488 3442; baseline -0 -19"><span class='ocrx_word' id='word_1_269' title='bbox 301 3366 520 3424; x_wconf 86' lang='lat' dir='ltr'>nibalis</span> <span class='ocrx_word' id='word_1_270' title='bbox 557 3366 962 3442; x_wconf 81' lang='lat' dir='ltr'>frequentare,</span> <span class='ocrx_word' id='word_1_271' title='bbox 993 3382 1322 3423; x_wconf 87' lang='lat' dir='ltr'>concursus</span> <span class='ocrx_word' id='word_1_272' title='bbox 1362 3364 1442 3421; x_wconf 86' lang='lat' dir='ltr'>ad</span> <span class='ocrx_word' id='word_1_273' title='bbox 1479 3362 1849 3423; x_wconf 88' lang='lat' dir='ltr'>vestibulum</span> <span class='ocrx_word' id='word_1_274' title='bbox 1876 3365 2096 3423; x_wconf 79' lang='lat' dir='ltr'>aedium</span> <span class='ocrx_word' id='word_1_275' title='bbox 2134 3365 2337 3423; x_wconf 82' lang='lat' dir='ltr'>factus</span> <span class='ocrx_word' id='word_1_276' title='bbox 2377 3368 2488 3423; x_wconf 85' lang='lat' dir='ltr'>est.</span> 
     </span>
     <span class='ocr_line' id='line_1_34' title="bbox 301 3455 2491 3534; baseline -0.003 -16"><span class='ocrx_word' id='word_1_277' title='bbox 301 3458 396 3518; x_wconf 88' lang='lat' dir='ltr'>Ut</span> <span class='ocrx_word' id='word_1_278' title='bbox 421 3478 544 3517; x_wconf 88' lang='lat' dir='ltr'>non</span> <span class='ocrx_word' id='word_1_279' title='bbox 584 3476 930 3534; x_wconf 87' lang='lat' dir='ltr'>comparere</span> <span class='ocrx_word' id='word_1_280' title='bbox 969 3476 1108 3515; x_wconf 90' lang='lat' dir='ltr'>eum</span> <span class='ocrx_word' id='word_1_281' title='bbox 1147 3455 1467 3534; x_wconf 82' lang='lat' dir='ltr'>vulgatum</span> <span class='ocrx_word' id='word_1_282' title='bbox 1507 3460 1618 3528; x_wconf 91' lang='lat' dir='ltr'>est,</span> <span class='ocrx_word' id='word_1_283' title='bbox 1648 3455 1711 3513; x_wconf 91' lang='lat' dir='ltr'>in</span> <span class='ocrx_word' id='word_1_284' title='bbox 1752 3456 1949 3514; x_wconf 88' lang='lat' dir='ltr'>forum</span> <span class='ocrx_word' id='word_1_285' title='bbox 1988 3456 2171 3515; x_wconf 88' lang='lat' dir='ltr'>turba</span> <span class='ocrx_word' id='word_1_286' title='bbox 2208 3455 2491 3515; x_wconf 87' lang='lat' dir='ltr'>convenit</span> 
     </span>
     <span class='ocr_line' id='line_1_35' title="bbox 299 3548 2492 3632; baseline -0.002 -21"><span class='ocrx_word' id='word_1_287' title='bbox 299 3552 641 3632; x_wconf 73' lang='lat' dir='ltr'>principem</span> <span class='ocrx_word' id='word_1_288' title='bbox 667 3550 934 3610; x_wconf 83' lang='lat' dir='ltr'>civitatis</span> <span class='ocrx_word' id='word_1_289' title='bbox 962 3548 1378 3626; x_wconf 70' lang='lat' dir='ltr'>quaerentium,</span> <span class='ocrx_word' id='word_1_290' title='bbox 1408 3554 1470 3607; x_wconf 92' lang='lat' dir='ltr'>et</span> <span class='ocrx_word' id='word_1_291' title='bbox 1496 3548 1600 3608; x_wconf 88' lang='lat' dir='ltr'>alii</span> <span class='ocrx_word' id='word_1_292' title='bbox 1624 3550 1836 3627; x_wconf 84' lang='lat' dir='ltr'>fugam</span> <span class='ocrx_word' id='word_1_293' title='bbox 1864 3548 2302 3607; x_wconf 89' lang='lat' dir='ltr'>conscisse—id</span> <span class='ocrx_word' id='word_1_294' title='bbox 2331 3548 2492 3625; x_wconf 90' lang='lat' dir='ltr'>quod</span> 
     </span>
     <span class='ocr_line' id='line_1_36' title="bbox 300 3640 2488 3718; baseline -0.004 -12"><span class='ocrx_word' id='word_1_295' title='bbox 300 3644 617 3707; x_wconf 80' lang='lat' dir='ltr'>erat—alii</span> <span class='ocrx_word' id='word_1_296' title='bbox 681 3642 896 3702; x_wconf 83' lang='lat' dir='ltr'>fraude</span> <span class='ocrx_word' id='word_1_297' title='bbox 951 3642 1364 3700; x_wconf 84' lang='lat' dir='ltr'>Romanorum</span> <span class='ocrx_word' id='word_1_298' title='bbox 1418 3640 1807 3699; x_wconf 81' lang='lat' dir='ltr'>interfectum</span> <span class='ocrx_word' id='word_1_299' title='bbox 1872 3641 2058 3718; x_wconf 83' lang='lat' dir='ltr'>vulgo</span> <span class='ocrx_word' id='word_1_300' title='bbox 2109 3640 2488 3701; x_wconf 86' lang='lat' dir='ltr'>fremebant.</span> 
     </span>
     <span class='ocr_line' id='line_1_37' title="bbox 253 3732 2493 3839; baseline -0.003 -39"><span class='ocrx_word' id='word_1_301' title='bbox 253 3780 258 3787; x_wconf 93' lang='lat'>-</span> <span class='ocrx_word' id='word_1_302' title='bbox 302 3738 621 3815; x_wconf 84' lang='lat' dir='ltr'>variosque</span> <span class='ocrx_word' id='word_1_303' title='bbox 667 3736 877 3795; x_wconf 85' lang='lat' dir='ltr'>vultus</span> <span class='ocrx_word' id='word_1_304' title='bbox 924 3752 1217 3805; x_wconf 88' lang='lat' dir='ltr'>cerneres,</span> <span class='ocrx_word' id='word_1_305' title='bbox 1263 3738 1335 3792; x_wconf 91' lang='lat' dir='ltr'>ut</span> <span class='ocrx_word' id='word_1_306' title='bbox 1377 3734 1443 3791; x_wconf 89' lang='lat' dir='ltr'>in</span> <span class='ocrx_word' id='word_1_307' title='bbox 1497 3733 1745 3792; x_wconf 80' lang='lat' dir='ltr'>civitate</span> <span class='ocrx_word' id='word_1_308' title='bbox 1788 3732 2047 3791; x_wconf 89' lang='lat' dir='ltr'>aliorum</span> <span class='ocrx_word' id='word_1_309' title='bbox 2094 3732 2243 3793; x_wconf 80' lang='lat' dir='ltr'>alias</span> <span class='ocrx_word' id='word_1_310' title='bbox 2288 3738 2493 3839; x_wconf 82' lang='lat' dir='ltr'>partes</span> 
     </span>
     <span class='ocr_line' id='line_1_38' title="bbox 302 3824 1947 3900; baseline -0.006 -7"><span class='ocrx_word' id='word_1_311' title='bbox 302 3830 642 3892; x_wconf 83' lang='lat' dir='ltr'>foventium</span> <span class='ocrx_word' id='word_1_312' title='bbox 667 3826 1030 3888; x_wconf 85' lang='lat' dir='ltr'>factionibus</span> <span class='ocrx_word' id='word_1_313' title='bbox 1057 3826 1334 3886; x_wconf 88' lang='lat' dir='ltr'>discordi.</span> <span class='ocrx_word' id='word_1_314' title='bbox 1338 3825 1587 3900; x_wconf 76' lang='grc' dir='ltr'>-Ῐ-ιΠῑ,</span> <span class='ocrx_word' id='word_1_315' title='bbox 1616 3841 1819 3885; x_wconf 77' lang='lat' dir='ltr'>xxxm.</span> <span class='ocrx_word' id='word_1_316' title='bbox 1849 3824 1947 3885; x_wconf 81' lang='lat'>48.</span> 
     </span>
    </p>
   </div>
  </div>
 </body>
</html>
