2744 4138
279 99 360 160 28
890 115 1018 161 xm
1063 117 1136 162 ·1·o
1182 117 1305 163 mr.
1350 93 1537 160 urm
1580 115 1855 162 mmm.

1120 907 1463 980 PART,
1531 909 1633 974 II.

897 1117 1195 1178 Exnnmsn
1239 1119 1288 1179 Ι.
1378 1117 1864 1196 (ΙιοΝαΕΕιιονν.)

289 1243 574 1306 REDOLET
613 1265 756 1305 sane
795 1247 994 1306 adhuc
1027 1268 1224 1307 aureoe
1260 1249 1463 1307 nescio
1491 1248 1638 1326 quid
1666 1249 1968 1326 majorum
1995 1247 2189 1306 aetatis
2214 1246 2488 1326 agrestis

287 1339 395 1396 illa
426 1339 490 1396 in
527 1331 790 1399 Scandia
823 1341 960 1399 vitae
997 1342 1174 1413 ratic,
1218 1342 1383 1418 quod
1420 1346 1482 1399 et
1515 1341 1887 1400 carminibus
1927 1339 2218 1400 celebrari
2244 1339 2483 1419 dignis·

289 1431 510 1489 simum
557 1431 869 1503 videatur3
922 1433 1072 1490 adeo
1127 1431 1218 1509 pri
1225 1452 1326 1490 sca
1371 1431 1498 1490 fere
1540 1431 1899 1509 simplicitas
1945 1430 2487 1509 septentrionalem

289 1522 459 1580 illam
485 1523 796 1600 regionem
830 1522 1083 1596 obtinet,
1123 1524 1393 1601 priscum
1429 1523 1555 1581 fere
1596 1522 1908 1581 silentium
1948 1528 2012 1582 et
2047 1520 2483 1599 tranquillitos.

291 1614 416 1672 Vix
437 1621 608 1675 extra
626 1615 835 1676 urbem
859 1616 1198 1688 excesseris,
1217 1621 1401 1694 atque
1419 1615 1582 1674 illico
1603 1615 1775 1693 quasi
1800 1615 1978 1676 Circe
2003 1615 2207 1692 aliqua
2230 1615 2487 1693 jubente

293 1707 486 1765 omnis
525 1707 589 1765 in
630 1712 955 1786 prospectu
992 1708 1146 1766 situs
1171 1707 1237 1764 in
1264 1707 1455 1765 feram
1496 1707 1791 1765 silvarum
1824 1706 2153 1785 imaginem
2185 1710 2485 1765 mutatur.

295 1798 472 1859 Circa
506 1799 776 1877 undique
811 1799 1091 1877 pinorum
1127 1818 1393 1870 nemora,
1424 1818 1680 1876 quorum
1709 1799 1968 1876 desuper
1994 1797 2200 1857 diffusi
2232 1797 2388 1856 rami
2414 1796 2485 1855 in
2590 1815 2598 1820 ·

293 1892 516 1950 flabelli
553 1892 816 1969 speciem
855 1891 1214 1970 dependent,
1257 1892 1440 1951 obsiti
1477 1911 1706 1964 muscO,
1745 1892 2067 1968 rubrisque
2106 1894 2167 1949 et
2207 1889 2486 1950 coeruleis

292 1983 462 2042 conis
483 1982 737 2060 gravati.
785 2021 789 2025 -
823 1981 950 2041 Sub
976 1982 1232 2059 pedibus
1253 1989 1459 2042 autem
1480 1983 1650 2042 lutea
1668 1987 1955 2060 congesta
1970 1981 2119 2040 folia
2140 1982 2487 2060 stragulum

293 2075 597 2135 efficiunt:
671 2075 883 2133 caelum
935 2075 1209 2151 tepidum
1265 2076 1620 2152 sudumque.
1728 2076 1983 2154 Trajicis
2044 2079 2229 2153 ponte
2282 2075 2486 2152 ligneo

205 2217 215 2224 .
295 2167 562 2227 rivulum
598 2166 902 2245 argenteis
934 2166 1114 2225 undis
1149 2168 1585 2239 decurrentem,
1614 2166 1757 2227 inde
1784 2168 1846 2225 in
1876 2187 1981 2226 rus
2007 2167 2485 2226 amoenissimum

297 2260 503 2337 prodis
531 2260 654 2318 sole
681 2258 960 2335 villisque
1001 2258 1222 2317 nitens.
1304 2260 1669 2337 Adjacentes
1710 2280 1891 2337 agros
1931 2264 2103 2337 septa
2137 2259 2321 2337 lignis
2348 2278 2482 2317 cou-

267 2354 466 2429 ,texta
491 2349 800 2407 distinent.
884 2349 1084 2407 Portae
1103 2349 1168 2406 in
1184 2350 1403 2409 itinere
1424 2350 1813 2427 objiciuntur,
1842 2370 2167 2428 puerorum
2197 2350 2484 2428 gregibus

299 2440 693 2500 recludendae.
795 2440 1098 2498 Ruricolae
1138 2446 1359 2511 autem,
1404 2439 1458 2499 si
1496 2440 1603 2517 qni
1646 2441 1827 2515 obvii,
1870 2442 2257 2519 praetereunti
2300 2444 2483 2518 caput

299 2536 614 2612 aperiunt:
659 2533 711 2591 si
749 2534 1099 2607 sternueris,
1141 2552 1350 2611 pacem
1393 2533 1509 2591 Dei
1548 2533 1821 2593 adorant.
1902 2534 2160 2593 AEdium
2198 2534 2483 2612 quicquid

301 2626 366 2685 in
405 2627 578 2703 pagis
618 2626 1039 2705 oppidulisque
1079 2632 1173 2684 est
1214 2626 1489 2685 trabibus
1530 2626 1750 2685 dolatis
1794 2632 2213 2698 exstruuntur,
2260 2631 2322 2686 et
2362 2626 2482 2703 ple·

301 2739 556 2795 rumque
595 2719 660 2776 in
698 2719 952 2777 rubrum
994 2720 1252 2777 colorem
1293 2718 1485 2796 pictae.
1570 2719 1936 2778 Diversoriis
1977 2739 2129 2779 areae
2157 2719 2483 2797 segmentis

303 2811 494 2889 pineis
554 2814 874 2871 constratae
925 2812 1172 2870 odorem
1223 2813 1514 2870 referunt.
1628 2810 1912 2871 Ceterum
1966 2813 2129 2889 apud
2195 2811 2483 2889 plurimos

302 2922 492 2982 pagos
544 2922 737 2979 neque
783 2894 1047 2961 occurrit
1088 2903 1507 2976 diversorium,
1552 2909 1614 2963 et
1655 2904 1774 2982 ipsi
1817 2904 2014 2963 coloni
2055 2904 2335 2977 invicem,
2384 2902 2483 2981 qui

300 2993 445 3052 illuc
471 2995 870 3071 pervenerint,
902 2994 1163 3072 hospitio
1191 2995 1662 3073 excipiunt—J.
1692 2996 1769 3055 Y.
1804 2995 2099 3055 SARGENT.

566 3250 650 3309 Π.
739 3249 938 3327 (Lem)
965 3249 1313 3321 MAGAULAY,
1343 3249 1501 3308 Hist.
1533 3250 1599 3327 of
1615 3251 1766 3327 Enq.
1796 3250 1913 3310 vol.
1943 3250 1983 3309 i.
2013 3271 2071 3329 p.
2102 3250 2232 3327 25.)

427 3406 656 3464 Eadem
681 3422 778 3462 res
799 3402 1132 3462 Annalium
1152 3406 1500 3463 nostrorum
1525 3403 1668 3461 fidei
1694 3403 2026 3481 plurimum
2054 3403 2277 3475 nocuit,
2307 3401 2485 3483 pluri-

308 3518 478 3556 mum
504 3496 732 3575 profuit
747 3496 1107 3573 reipublicae,
1127 3515 1260 3572 quse
1275 3499 1372 3554 tot
1398 3516 1507 3573 per
1522 3500 1835 3555 sexcentos
1851 3515 2042 3555 annos
2062 3495 2488 3555 mutationibus

312 3590 508 3650 crevit
543 3595 750 3649 tamen
790 3588 994 3665 potius
1035 3606 1218 3665 quam
1253 3591 1481 3646 novata
1515 3594 1641 3647 est:
1692 3588 1884 3665 isque,
1913 3607 2033 3665 quo
2058 3607 2221 3646 nunc
2250 3588 2487 3660 utimur,

312 3702 518 3741 rerum
545 3681 693 3741 ordo
720 3700 795 3739 ex
821 3680 1073 3757 antiquo
1099 3680 1222 3751 illo,
1250 3684 1540 3756 tanquam
1568 3699 1602 3737 e
1629 3681 1855 3739 semine
1891 3680 2089 3753 arbor,
2116 3700 2151 3739 e
2176 3699 2362 3757 puero
2385 3679 2487 3751 vir,

316 3778 533 3831 enatus
577 3778 708 3847 est3
765 3778 828 3831 et
872 3771 1081 3830 multis
1131 3769 1476 3830 recentibus
1518 3774 1727 3831 vetera
1772 3790 2009 3850 semper
2053 3770 2487 3849 superfuerunt.
