<?xml version="1.0" encoding="UTF-8"?>
<!DOCTYPE html PUBLIC "-//W3C//DTD XHTML 1.0 Transitional//EN"
    "http://www.w3.org/TR/xhtml1/DTD/xhtml1-transitional.dtd">
<html xmlns="http://www.w3.org/1999/xhtml" xml:lang="en" lang="en">
 <head>
  <title>
</title>
<meta http-equiv="Content-Type" content="text/html;charset=utf-8" />
  <meta name='ocr-system' content='tesseract 3.04.00' />
  <meta name='ocr-capabilities' content='ocr_page ocr_carea ocr_par ocr_line ocrx_word'/>
</head>
<body>
  <div class='ocr_page' id='page_1' title='image "./akeytomanuallat00wilkgoog_0028.png"; bbox 0 0 2744 4138; ppageno 0'>
   <div class='ocr_carea' id='block_1_1' title="bbox 1233 149 2455 214">
    <p class='ocr_par' dir='ltr' id='par_1_1' title="bbox 1233 149 2455 214">
     <span class='ocr_line' id='line_1_1' title="bbox 1233 149 2455 214; baseline 0.002 -3"><span class='ocrx_word' id='word_1_1' title='bbox 1233 165 1389 211; x_wconf 69' lang='lat' dir='ltr'><strong>mm</strong></span> <span class='ocrx_word' id='word_1_2' title='bbox 1435 166 1481 212; x_wconf 90' lang='lat'><strong>1.</strong></span> <span class='ocrx_word' id='word_1_3' title='bbox 2378 149 2455 214; x_wconf 86' lang='lat'><strong>17</strong></span> 
     </span>
    </p>
   </div>
   <div class='ocr_carea' id='block_1_2' title="bbox 258 313 2503 2231">
    <p class='ocr_par' dir='ltr' id='par_1_2' title="bbox 258 313 2503 2231">
     <span class='ocr_line' id='line_1_2' title="bbox 258 313 2456 394; baseline -0.001 -19"><span class='ocrx_word' id='word_1_4' title='bbox 258 315 442 394; x_wconf 85' lang='lat' dir='ltr'><strong>jubet</strong></span> <span class='ocrx_word' id='word_1_5' title='bbox 459 313 773 392; x_wconf 87' lang='lat' dir='ltr'><strong>spiculum,</strong></span> <span class='ocrx_word' id='word_1_6' title='bbox 801 316 1193 392; x_wconf 73' lang='lat' dir='ltr'><strong>posteaquam</strong></span> <span class='ocrx_word' id='word_1_7' title='bbox 1221 316 1312 372; x_wconf 91' lang='lat' dir='ltr'><strong>illi</strong></span> <span class='ocrx_word' id='word_1_8' title='bbox 1330 314 1565 373; x_wconf 86' lang='lat' dir='ltr'><strong>dictum</strong></span> <span class='ocrx_word' id='word_1_9' title='bbox 1586 317 1696 385; x_wconf 89' lang='lat' dir='ltr'><strong>est,</strong></span> <span class='ocrx_word' id='word_1_10' title='bbox 1716 313 1996 391; x_wconf 84' lang='lat' dir='ltr'><strong>clypeum</strong></span> <span class='ocrx_word' id='word_1_11' title='bbox 2025 333 2157 372; x_wconf 90' lang='lat' dir='ltr'><strong>esse</strong></span> <span class='ocrx_word' id='word_1_12' title='bbox 2182 315 2420 374; x_wconf 89' lang='lat' dir='ltr'><strong>salvum</strong></span> <span class='ocrx_word' id='word_1_13' title='bbox 2440 341 2456 388; x_wconf 82' lang='lat'>3</span> 
     </span>
     <span class='ocr_line' id='line_1_3' title="bbox 265 406 2457 484; baseline 0 -17"><span class='ocrx_word' id='word_1_14' title='bbox 265 413 358 479; x_wconf 87' lang='lat' dir='ltr'><strong>ut,</strong></span> <span class='ocrx_word' id='word_1_15' title='bbox 387 408 571 466; x_wconf 85' lang='lat' dir='ltr'><strong>etiam</strong></span> <span class='ocrx_word' id='word_1_16' title='bbox 596 407 661 464; x_wconf 91' lang='lat' dir='ltr'><strong>in</strong></span> <span class='ocrx_word' id='word_1_17' title='bbox 688 407 958 465; x_wconf 89' lang='lat' dir='ltr'><strong>vulneris</strong></span> <span class='ocrx_word' id='word_1_18' title='bbox 993 407 1215 478; x_wconf 86' lang='lat' dir='ltr'><strong>dolore,</strong></span> <span class='ocrx_word' id='word_1_19' title='bbox 1246 427 1418 484; x_wconf 80' lang='lat' dir='ltr'><strong>aequo</strong></span> <span class='ocrx_word' id='word_1_20' title='bbox 1458 406 1660 464; x_wconf 90' lang='lat' dir='ltr'><strong>animo</strong></span> <span class='ocrx_word' id='word_1_21' title='bbox 1702 425 1842 464; x_wconf 89' lang='lat' dir='ltr'><strong>cum</strong></span> <span class='ocrx_word' id='word_1_22' title='bbox 1881 406 2061 465; x_wconf 83' lang='lat' dir='ltr'><strong>laude</strong></span> <span class='ocrx_word' id='word_1_23' title='bbox 2101 415 2457 468; x_wconf 88' lang='lat' dir='ltr'><strong>moreretur.</strong></span> 
     </span>
     <span class='ocr_line' id='line_1_4' title="bbox 267 497 2457 579; baseline -0 -20"><span class='ocrx_word' id='word_1_24' title='bbox 267 500 464 579; x_wconf 86' lang='lat' dir='ltr'><strong>Cujus</strong></span> <span class='ocrx_word' id='word_1_25' title='bbox 481 499 765 571; x_wconf 89' lang='lat' dir='ltr'><strong>studium,</strong></span> <span class='ocrx_word' id='word_1_26' title='bbox 783 498 850 556; x_wconf 87' lang='lat' dir='ltr'><strong>in</strong></span> <span class='ocrx_word' id='word_1_27' title='bbox 874 499 1148 576; x_wconf 84' lang='lat' dir='ltr'><strong>legendO,</strong></span> <span class='ocrx_word' id='word_1_28' title='bbox 1174 518 1298 557; x_wconf 89' lang='lat' dir='ltr'><strong>non</strong></span> <span class='ocrx_word' id='word_1_29' title='bbox 1314 505 1593 558; x_wconf 82' lang='lat' dir='ltr'><strong>erectum</strong></span> <span class='ocrx_word' id='word_1_30' title='bbox 1615 497 2037 556; x_wconf 70' lang='lat' dir='ltr'>Themistoclis</span> <span class='ocrx_word' id='word_1_31' title='bbox 2053 498 2202 576; x_wconf 67' lang='lat' dir='ltr'><strong>fuga</strong></span> <span class='ocrx_word' id='word_1_32' title='bbox 2227 500 2457 558; x_wconf 88' lang='lat' dir='ltr'><strong>reditu-</strong></span> 
     </span>
     <span class='ocr_line' id='line_1_5' title="bbox 264 588 2461 668; baseline 0 -18"><span class='ocrx_word' id='word_1_33' title='bbox 264 612 384 668; x_wconf 87' lang='lat' dir='ltr'><strong>que</strong></span> <span class='ocrx_word' id='word_1_34' title='bbox 429 593 728 650; x_wconf 73' lang='lat' dir='ltr'><strong>retinetur</strong></span> <span class='ocrx_word' id='word_1_35' title='bbox 745 590 774 649; x_wconf 67' lang='lat'><strong>2&gt;</strong></span> <span class='ocrx_word' id='word_1_36' title='bbox 862 590 994 649; x_wconf 90' lang='lat' dir='ltr'><strong>Viri</strong></span> <span class='ocrx_word' id='word_1_37' title='bbox 1040 610 1196 667; x_wconf 80' lang='lat' dir='ltr'><strong>saepe</strong></span> <span class='ocrx_word' id='word_1_38' title='bbox 1237 591 1586 650; x_wconf 85' lang='lat' dir='ltr'><strong>excellentis</strong></span> <span class='ocrx_word' id='word_1_39' title='bbox 1633 588 1926 666; x_wconf 88' lang='lat' dir='ltr'><strong>ancipites</strong></span> <span class='ocrx_word' id='word_1_40' title='bbox 1966 590 2237 667; x_wconf 88' lang='lat' dir='ltr'><strong>variique</strong></span> <span class='ocrx_word' id='word_1_41' title='bbox 2285 611 2461 650; x_wconf 88' lang='lat' dir='ltr'><strong>casus</strong></span> 
     </span>
     <span class='ocr_line' id='line_1_6' title="bbox 263 681 2456 762; baseline 0 -20"><span class='ocrx_word' id='word_1_42' title='bbox 263 685 494 742; x_wconf 86' lang='lat' dir='ltr'><strong>habent</strong></span> <span class='ocrx_word' id='word_1_43' title='bbox 530 682 1009 754; x_wconf 85' lang='lat' dir='ltr'><strong>admirationem,</strong></span> <span class='ocrx_word' id='word_1_44' title='bbox 1038 685 1534 762; x_wconf 71' lang='lat' dir='ltr'><strong>expectationem,</strong></span> <span class='ocrx_word' id='word_1_45' title='bbox 1564 682 1856 753; x_wconf 72' lang='lat' dir='ltr'><strong>laetitiam,</strong></span> <span class='ocrx_word' id='word_1_46' title='bbox 1886 681 2240 754; x_wconf 77' lang='lat' dir='ltr'><strong>molestiam,</strong></span> <span class='ocrx_word' id='word_1_47' title='bbox 2272 703 2456 760; x_wconf 87' lang='lat' dir='ltr'><strong>spem,</strong></span> 
     </span>
     <span class='ocr_line' id='line_1_7' title="bbox 264 774 2453 853; baseline -0 -18"><span class='ocrx_word' id='word_1_48' title='bbox 264 777 582 837; x_wconf 82' lang='lat' dir='ltr'><strong>timorem:</strong></span> <span class='ocrx_word' id='word_1_49' title='bbox 623 777 678 834; x_wconf 92' lang='lat' dir='ltr'><strong>si</strong></span> <span class='ocrx_word' id='word_1_50' title='bbox 708 795 853 835; x_wconf 90' lang='lat' dir='ltr'><strong>vero</strong></span> <span class='ocrx_word' id='word_1_51' title='bbox 890 775 1059 834; x_wconf 76' lang='lat' dir='ltr'><strong>exitu</strong></span> <span class='ocrx_word' id='word_1_52' title='bbox 1093 776 1351 834; x_wconf 90' lang='lat' dir='ltr'><strong>notabili</strong></span> <span class='ocrx_word' id='word_1_53' title='bbox 1391 774 1857 845; x_wconf 85' lang='lat' dir='ltr'><strong>concluduntur,</strong></span> <span class='ocrx_word' id='word_1_54' title='bbox 1896 774 2178 853; x_wconf 85' lang='lat' dir='ltr'><strong>expletur</strong></span> <span class='ocrx_word' id='word_1_55' title='bbox 2216 776 2453 835; x_wconf 88' lang='lat' dir='ltr'><strong>animus</strong></span> 
     </span>
     <span class='ocr_line' id='line_1_8' title="bbox 259 865 2452 946; baseline 0 -20"><span class='ocrx_word' id='word_1_56' title='bbox 259 867 703 946; x_wconf 63' lang='lat' dir='ltr'><strong>jucundissima</strong></span> <span class='ocrx_word' id='word_1_57' title='bbox 737 867 1013 926; x_wconf 88' lang='lat' dir='ltr'><strong>lectionis</strong></span> <span class='ocrx_word' id='word_1_58' title='bbox 1049 867 1382 944; x_wconf 86' lang='lat' dir='ltr'><strong>voluptate.</strong></span> <span class='ocrx_word' id='word_1_59' title='bbox 1466 866 1601 940; x_wconf 82' lang='lat' dir='ltr'><strong>Quo</strong></span> <span class='ocrx_word' id='word_1_60' title='bbox 1647 865 1799 924; x_wconf 89' lang='lat' dir='ltr'><strong>mihi</strong></span> <span class='ocrx_word' id='word_1_61' title='bbox 1838 866 2125 926; x_wconf 90' lang='lat' dir='ltr'><strong>acciderit</strong></span> <span class='ocrx_word' id='word_1_62' title='bbox 2169 870 2452 944; x_wconf 89' lang='lat' dir='ltr'><strong>optatius,</strong></span> 
     </span>
     <span class='ocr_line' id='line_1_9' title="bbox 265 957 2455 1036; baseline 0 -18"><span class='ocrx_word' id='word_1_63' title='bbox 265 960 319 1019; x_wconf 90' lang='lat' dir='ltr'><strong>si</strong></span> <span class='ocrx_word' id='word_1_64' title='bbox 345 961 409 1017; x_wconf 88' lang='lat' dir='ltr'><strong>in</strong></span> <span class='ocrx_word' id='word_1_65' title='bbox 435 959 547 1018; x_wconf 72' lang='lat' dir='ltr'><strong>hac</strong></span> <span class='ocrx_word' id='word_1_66' title='bbox 575 958 872 1018; x_wconf 72' lang='lat' dir='ltr'><strong>sententia</strong></span> <span class='ocrx_word' id='word_1_67' title='bbox 890 959 1097 1031; x_wconf 88' lang='lat' dir='ltr'><strong>fueris,</strong></span> <span class='ocrx_word' id='word_1_68' title='bbox 1127 966 1201 1016; x_wconf 89' lang='lat' dir='ltr'><strong>ut</strong></span> <span class='ocrx_word' id='word_1_69' title='bbox 1227 980 1264 1018; x_wconf 91' lang='lat' dir='ltr'><strong>a</strong></span> <span class='ocrx_word' id='word_1_70' title='bbox 1289 958 1737 1018; x_wconf 72' lang='lat' dir='ltr'><strong>continentibus</strong></span> <span class='ocrx_word' id='word_1_71' title='bbox 1774 957 1897 1017; x_wconf 89' lang='lat' dir='ltr'><strong>tuis</strong></span> <span class='ocrx_word' id='word_1_72' title='bbox 1934 959 2194 1036; x_wconf 82' lang='lat' dir='ltr'><strong>scriptis,</strong></span> <span class='ocrx_word' id='word_1_73' title='bbox 2230 961 2296 1019; x_wconf 90' lang='lat' dir='ltr'><strong>in</strong></span> <span class='ocrx_word' id='word_1_74' title='bbox 2325 962 2455 1036; x_wconf 88' lang='lat' dir='ltr'><strong>qui·</strong></span> 
     </span>
     <span class='ocr_line' id='line_1_10' title="bbox 263 1049 2455 1130; baseline -0 -19"><span class='ocrx_word' id='word_1_75' title='bbox 263 1052 382 1111; x_wconf 88' lang='lat' dir='ltr'><strong>bus</strong></span> <span class='ocrx_word' id='word_1_76' title='bbox 422 1055 776 1130; x_wconf 86' lang='lat' dir='ltr'><strong>perpetuam</strong></span> <span class='ocrx_word' id='word_1_77' title='bbox 803 1071 1006 1111; x_wconf 88' lang='lat' dir='ltr'><strong>rerum</strong></span> <span class='ocrx_word' id='word_1_78' title='bbox 1033 1054 1345 1128; x_wconf 85' lang='lat' dir='ltr'><strong>gestarum</strong></span> <span class='ocrx_word' id='word_1_79' title='bbox 1370 1049 1687 1108; x_wconf 78' lang='lat' dir='ltr'><strong>historiam</strong></span> <span class='ocrx_word' id='word_1_80' title='bbox 1713 1050 2146 1127; x_wconf 91' lang='lat' dir='ltr'><strong>complecteris,</strong></span> <span class='ocrx_word' id='word_1_81' title='bbox 2177 1070 2455 1110; x_wconf 84' lang='lat' dir='ltr'><strong>secernas</strong></span> 
     </span>
     <span class='ocr_line' id='line_1_11' title="bbox 264 1141 2456 1222; baseline 0.001 -22"><span class='ocrx_word' id='word_1_82' title='bbox 264 1143 423 1204; x_wconf 88' lang='lat' dir='ltr'><strong>hanc</strong></span> <span class='ocrx_word' id='word_1_83' title='bbox 443 1143 616 1220; x_wconf 86' lang='lat' dir='ltr'><strong>quasi</strong></span> <span class='ocrx_word' id='word_1_84' title='bbox 631 1142 898 1201; x_wconf 85' lang='lat' dir='ltr'><strong>fabulam</strong></span> <span class='ocrx_word' id='word_1_85' title='bbox 919 1162 1125 1200; x_wconf 90' lang='lat' dir='ltr'><strong>rerum</strong></span> <span class='ocrx_word' id='word_1_86' title='bbox 1145 1146 1618 1218; x_wconf 85' lang='lat' dir='ltr'><strong>eventorumque</strong></span> <span class='ocrx_word' id='word_1_87' title='bbox 1637 1145 2000 1199; x_wconf 88' lang='lat' dir='ltr'><strong>nostrorum.</strong></span> <span class='ocrx_word' id='word_1_88' title='bbox 2052 1165 2061 1174; x_wconf 93' lang='lat'><strong>·</strong></span> <span class='ocrx_word' id='word_1_89' title='bbox 2083 1141 2141 1199; x_wconf 88' lang='lat' dir='ltr'>A</span> <span class='ocrx_word' id='word_1_90' title='bbox 2160 1143 2456 1222; x_wconf 89' lang='lat' dir='ltr'><strong>principio</strong></span> 
     </span>
     <span class='ocr_line' id='line_1_12' title="bbox 263 1235 2454 1314; baseline -0.002 -18"><span class='ocrx_word' id='word_1_91' title='bbox 263 1237 428 1297; x_wconf 90' lang='lat' dir='ltr'><strong>enim</strong></span> <span class='ocrx_word' id='word_1_92' title='bbox 453 1235 886 1314; x_wconf 85' lang='lat' dir='ltr'><strong>conjurationis</strong></span> <span class='ocrx_word' id='word_1_93' title='bbox 913 1254 1102 1311; x_wconf 87' lang='lat' dir='ltr'><strong>usque</strong></span> <span class='ocrx_word' id='word_1_94' title='bbox 1123 1235 1203 1292; x_wconf 88' lang='lat' dir='ltr'><strong>ad</strong></span> <span class='ocrx_word' id='word_1_95' title='bbox 1229 1235 1493 1292; x_wconf 90' lang='lat' dir='ltr'><strong>reditum</strong></span> <span class='ocrx_word' id='word_1_96' title='bbox 1519 1239 1813 1304; x_wconf 88' lang='lat' dir='ltr'><strong>nostrum,</strong></span> <span class='ocrx_word' id='word_1_97' title='bbox 1837 1235 2080 1293; x_wconf 88' lang='lat' dir='ltr'><strong>videtur</strong></span> <span class='ocrx_word' id='word_1_98' title='bbox 2099 1236 2249 1293; x_wconf 89' lang='lat' dir='ltr'><strong>mihi</strong></span> <span class='ocrx_word' id='word_1_99' title='bbox 2266 1236 2454 1295; x_wconf 89' lang='lat' dir='ltr'><strong>modi-</strong></span> 
     </span>
     <span class='ocr_line' id='line_1_13' title="bbox 265 1326 2457 1406; baseline 0 -18"><span class='ocrx_word' id='word_1_100' title='bbox 265 1347 407 1388; x_wconf 88' lang='lat' dir='ltr'><strong>cum</strong></span> <span class='ocrx_word' id='word_1_101' title='bbox 445 1329 749 1406; x_wconf 84' lang='lat' dir='ltr'><strong>quoddam</strong></span> <span class='ocrx_word' id='word_1_102' title='bbox 785 1347 1004 1405; x_wconf 87' lang='lat' dir='ltr'><strong>corpus</strong></span> <span class='ocrx_word' id='word_1_103' title='bbox 1051 1327 1267 1386; x_wconf 84' lang='lat' dir='ltr'><strong>confici</strong></span> <span class='ocrx_word' id='word_1_104' title='bbox 1308 1347 1521 1404; x_wconf 89' lang='lat' dir='ltr'><strong>posse;</strong></span> <span class='ocrx_word' id='word_1_105' title='bbox 1565 1327 1631 1383; x_wconf 89' lang='lat' dir='ltr'><strong>in</strong></span> <span class='ocrx_word' id='word_1_106' title='bbox 1673 1346 1793 1402; x_wconf 90' lang='lat' dir='ltr'><strong>quo</strong></span> <span class='ocrx_word' id='word_1_107' title='bbox 1835 1331 1897 1384; x_wconf 88' lang='lat' dir='ltr'><strong>et</strong></span> <span class='ocrx_word' id='word_1_108' title='bbox 1940 1326 2047 1385; x_wconf 70' lang='lat' dir='ltr'><strong>illa</strong></span> <span class='ocrx_word' id='word_1_109' title='bbox 2092 1329 2318 1406; x_wconf 88' lang='lat' dir='ltr'><strong>poteris</strong></span> <span class='ocrx_word' id='word_1_110' title='bbox 2364 1329 2457 1388; x_wconf 85' lang='lat' dir='ltr'><strong>uti</strong></span> 
     </span>
     <span class='ocr_line' id='line_1_14' title="bbox 263 1419 2454 1495; baseline 0 -14"><span class='ocrx_word' id='word_1_111' title='bbox 263 1422 538 1482; x_wconf 86' lang='lat' dir='ltr'><strong>civilium</strong></span> <span class='ocrx_word' id='word_1_112' title='bbox 564 1421 1106 1480; x_wconf 84' lang='lat' dir='ltr'><strong>commutationum</strong></span> <span class='ocrx_word' id='word_1_113' title='bbox 1133 1419 1402 1493; x_wconf 70' lang='lat' dir='ltr'><strong>scientia,</strong></span> <span class='ocrx_word' id='word_1_114' title='bbox 1422 1420 1519 1478; x_wconf 88' lang='lat' dir='ltr'><strong>vel</strong></span> <span class='ocrx_word' id='word_1_115' title='bbox 1539 1419 1606 1476; x_wconf 92' lang='lat' dir='ltr'><strong>in</strong></span> <span class='ocrx_word' id='word_1_116' title='bbox 1626 1420 1999 1495; x_wconf 86' lang='lat' dir='ltr'><strong>explicandis</strong></span> <span class='ocrx_word' id='word_1_117' title='bbox 2025 1423 2223 1480; x_wconf 88' lang='lat' dir='ltr'><strong>causis</strong></span> <span class='ocrx_word' id='word_1_118' title='bbox 2249 1442 2454 1480; x_wconf 86' lang='lat' dir='ltr'><strong>rerum</strong></span> 
     </span>
     <span class='ocr_line' id='line_1_15' title="bbox 261 1511 2503 1589; baseline 0 -17"><span class='ocrx_word' id='word_1_119' title='bbox 261 1521 577 1586; x_wconf 84' lang='lat' dir='ltr'><strong>novarum,</strong></span> <span class='ocrx_word' id='word_1_120' title='bbox 606 1514 705 1572; x_wconf 90' lang='lat' dir='ltr'><strong>vel</strong></span> <span class='ocrx_word' id='word_1_121' title='bbox 730 1512 799 1570; x_wconf 92' lang='lat' dir='ltr'><strong>in</strong></span> <span class='ocrx_word' id='word_1_122' title='bbox 833 1511 1113 1570; x_wconf 82' lang='lat' dir='ltr'><strong>remediis</strong></span> <span class='ocrx_word' id='word_1_123' title='bbox 1146 1512 1701 1583; x_wconf 89' lang='lat' dir='ltr'><strong>incommodorum;</strong></span> <span class='ocrx_word' id='word_1_124' title='bbox 1744 1517 1807 1571; x_wconf 90' lang='lat' dir='ltr'><strong>et</strong></span> <span class='ocrx_word' id='word_1_125' title='bbox 1832 1513 1885 1570; x_wconf 87' lang='lat' dir='ltr'><strong>si</strong></span> <span class='ocrx_word' id='word_1_126' title='bbox 1910 1512 2157 1571; x_wconf 88' lang='lat' dir='ltr'><strong>liberius</strong></span> <span class='ocrx_word' id='word_1_127' title='bbox 2189 1517 2290 1589; x_wconf 89' lang='lat' dir='ltr'><strong>(ut</strong></span> <span class='ocrx_word' id='word_1_128' title='bbox 2315 1534 2455 1573; x_wconf 91' lang='lat' dir='ltr'><strong>con-</strong></span> <span class='ocrx_word' id='word_1_129' title='bbox 2498 1576 2503 1583; x_wconf 70' lang='grc'>,</span> 
     </span>
     <span class='ocr_line' id='line_1_16' title="bbox 263 1603 2455 1684; baseline -0 -19"><span class='ocrx_word' id='word_1_130' title='bbox 263 1606 483 1682; x_wconf 67' lang='lat' dir='ltr'><strong>suesti)</strong></span> <span class='ocrx_word' id='word_1_131' title='bbox 527 1606 832 1684; x_wconf 88' lang='lat' dir='ltr'><strong>agendum</strong></span> <span class='ocrx_word' id='word_1_132' title='bbox 876 1603 1137 1681; x_wconf 90' lang='lat' dir='ltr'><strong>putabis,</strong></span> <span class='ocrx_word' id='word_1_133' title='bbox 1183 1604 1518 1662; x_wconf 88' lang='lat' dir='ltr'><strong>multorum</strong></span> <span class='ocrx_word' id='word_1_134' title='bbox 1559 1605 1624 1660; x_wconf 88' lang='lat' dir='ltr'><strong>in</strong></span> <span class='ocrx_word' id='word_1_135' title='bbox 1665 1621 1775 1661; x_wconf 88' lang='lat' dir='ltr'><strong>nos</strong></span> <span class='ocrx_word' id='word_1_136' title='bbox 1818 1604 2147 1680; x_wconf 87' lang='lat' dir='ltr'><strong>perfidiam,</strong></span> <span class='ocrx_word' id='word_1_137' title='bbox 2184 1605 2455 1679; x_wconf 84' lang='lat' dir='ltr'><strong>insidias,</strong></span> 
     </span>
     <span class='ocr_line' id='line_1_17' title="bbox 261 1695 2456 1776; baseline 0 -20"><span class='ocrx_word' id='word_1_138' title='bbox 261 1697 669 1776; x_wconf 82' lang='lat' dir='ltr'><strong>proditionem</strong></span> <span class='ocrx_word' id='word_1_139' title='bbox 693 1697 952 1756; x_wconf 89' lang='lat' dir='ltr'><strong>notabis.</strong></span> <span class='ocrx_word' id='word_1_140' title='bbox 1033 1695 1297 1754; x_wconf 84' lang='lat' dir='ltr'><strong>Multam</strong></span> <span class='ocrx_word' id='word_1_141' title='bbox 1324 1696 1489 1755; x_wconf 88' lang='lat' dir='ltr'><strong>enim</strong></span> <span class='ocrx_word' id='word_1_142' title='bbox 1516 1715 1691 1754; x_wconf 92' lang='lat' dir='ltr'><strong>casus</strong></span> <span class='ocrx_word' id='word_1_143' title='bbox 1727 1696 1919 1753; x_wconf 85' lang='lat' dir='ltr'><strong>nostri</strong></span> <span class='ocrx_word' id='word_1_144' title='bbox 1962 1697 2075 1754; x_wconf 89' lang='lat' dir='ltr'><strong>tibi</strong></span> <span class='ocrx_word' id='word_1_145' title='bbox 2103 1699 2456 1756; x_wconf 85' lang='lat' dir='ltr'><strong>varietatem</strong></span> 
     </span>
     <span class='ocr_line' id='line_1_18' title="bbox 260 1788 2455 1868; baseline 0 -20"><span class='ocrx_word' id='word_1_146' title='bbox 260 1791 327 1848; x_wconf 92' lang='lat' dir='ltr'><strong>in</strong></span> <span class='ocrx_word' id='word_1_147' title='bbox 377 1791 690 1851; x_wconf 87' lang='lat' dir='ltr'><strong>scribendo</strong></span> <span class='ocrx_word' id='word_1_148' title='bbox 737 1789 1226 1868; x_wconf 77' lang='lat' dir='ltr'><strong>suppeditabunt,</strong></span> <span class='ocrx_word' id='word_1_149' title='bbox 1273 1788 1516 1865; x_wconf 86' lang='lat' dir='ltr'><strong>plenam</strong></span> <span class='ocrx_word' id='word_1_150' title='bbox 1564 1788 1879 1865; x_wconf 82' lang='lat' dir='ltr'><strong>cujusdam</strong></span> <span class='ocrx_word' id='word_1_151' title='bbox 1924 1789 2276 1866; x_wconf 80' lang='lat' dir='ltr'><strong>voluptatiS,</strong></span> <span class='ocrx_word' id='word_1_152' title='bbox 2324 1811 2455 1868; x_wconf 84' lang='lat' dir='ltr'><strong>quae</strong></span> 
     </span>
     <span class='ocr_line' id='line_1_19' title="bbox 263 1880 2455 1958; baseline -0.002 -14"><span class='ocrx_word' id='word_1_153' title='bbox 263 1883 654 1944; x_wconf 86' lang='lat' dir='ltr'><strong>vehementer</strong></span> <span class='ocrx_word' id='word_1_154' title='bbox 671 1881 904 1940; x_wconf 86' lang='lat' dir='ltr'><strong>animos</strong></span> <span class='ocrx_word' id='word_1_155' title='bbox 933 1881 1244 1940; x_wconf 85' lang='lat' dir='ltr'><strong>hominum</strong></span> <span class='ocrx_word' id='word_1_156' title='bbox 1266 1881 1330 1936; x_wconf 91' lang='lat' dir='ltr'><strong>in</strong></span> <span class='ocrx_word' id='word_1_157' title='bbox 1348 1880 1603 1958; x_wconf 86' lang='lat' dir='ltr'><strong>legendo</strong></span> <span class='ocrx_word' id='word_1_158' title='bbox 1631 1887 1835 1938; x_wconf 87' lang='lat' dir='ltr'><strong>tenere</strong></span> <span class='ocrx_word' id='word_1_159' title='bbox 1863 1887 2136 1957; x_wconf 88' lang='lat' dir='ltr'><strong>possunt.</strong></span> <span class='ocrx_word' id='word_1_160' title='bbox 2217 1882 2313 1940; x_wconf 85' lang='lat' dir='ltr'><strong>Ac</strong></span> <span class='ocrx_word' id='word_1_161' title='bbox 2334 1905 2455 1942; x_wconf 88' lang='lat' dir='ltr'><strong>non</strong></span> 
     </span>
     <span class='ocr_line' id='line_1_20' title="bbox 261 1971 2453 2050; baseline 0 -16"><span class='ocrx_word' id='word_1_162' title='bbox 261 1995 491 2047; x_wconf 87' lang='lat' dir='ltr'><strong>vereor,</strong></span> <span class='ocrx_word' id='word_1_163' title='bbox 514 1996 590 2034; x_wconf 91' lang='lat' dir='ltr'><strong>ne</strong></span> <span class='ocrx_word' id='word_1_164' title='bbox 611 1973 1126 2035; x_wconf 69' lang='lat' dir='ltr'><strong>assentatiuncula</strong></span> <span class='ocrx_word' id='word_1_165' title='bbox 1146 1971 1409 2049; x_wconf 70' lang='lat' dir='ltr'><strong>quadam</strong></span> <span class='ocrx_word' id='word_1_166' title='bbox 1436 1972 1726 2048; x_wconf 87' lang='lat' dir='ltr'><strong>aucupari</strong></span> <span class='ocrx_word' id='word_1_167' title='bbox 1755 1978 1925 2031; x_wconf 89' lang='lat' dir='ltr'><strong>tuam</strong></span> <span class='ocrx_word' id='word_1_168' title='bbox 1951 1973 2210 2050; x_wconf 84' lang='lat' dir='ltr'><strong>gratiam</strong></span> <span class='ocrx_word' id='word_1_169' title='bbox 2228 1976 2453 2049; x_wconf 86' lang='lat' dir='ltr'><strong>videar,</strong></span> 
     </span>
     <span class='ocr_line' id='line_1_21' title="bbox 259 2065 2455 2149; baseline 0 -21"><span class='ocrx_word' id='word_1_170' title='bbox 259 2090 402 2129; x_wconf 89' lang='lat' dir='ltr'><strong>cum</strong></span> <span class='ocrx_word' id='word_1_171' title='bbox 437 2069 550 2128; x_wconf 91' lang='lat' dir='ltr'><strong>hoc</strong></span> <span class='ocrx_word' id='word_1_172' title='bbox 591 2068 1013 2138; x_wconf 85' lang='lat' dir='ltr'><strong>demonstrem,</strong></span> <span class='ocrx_word' id='word_1_173' title='bbox 1053 2088 1149 2127; x_wconf 91' lang='lat' dir='ltr'><strong>me</strong></span> <span class='ocrx_word' id='word_1_174' title='bbox 1190 2088 1228 2125; x_wconf 89' lang='lat' dir='ltr'><strong>a</strong></span> <span class='ocrx_word' id='word_1_175' title='bbox 1266 2073 1328 2126; x_wconf 90' lang='lat' dir='ltr'><strong>te</strong></span> <span class='ocrx_word' id='word_1_176' title='bbox 1367 2065 1753 2146; x_wconf 89' lang='lat' dir='ltr'><strong>potissimum</strong></span> <span class='ocrx_word' id='word_1_177' title='bbox 1805 2068 2010 2127; x_wconf 88' lang='lat' dir='ltr'><strong>ornari</strong></span> <span class='ocrx_word' id='word_1_178' title='bbox 2048 2069 2455 2149; x_wconf 82' lang='lat' dir='ltr'><strong>celebrarique</strong></span> 
     </span>
     <span class='ocr_line' id='line_1_22' title="bbox 260 2160 1278 2231; baseline -0.002 -12"><span class='ocrx_word' id='word_1_179' title='bbox 260 2160 646 2220; x_wconf 57' lang='lat' dir='ltr'><strong>vella—cte.</strong></span> <span class='ocrx_word' id='word_1_180' title='bbox 677 2162 758 2219; x_wconf 82' lang='lat' dir='ltr'><strong>ad</strong></span> <span class='ocrx_word' id='word_1_181' title='bbox 782 2161 1063 2231; x_wconf 76' lang='lat' dir='ltr'><strong>Diversos‚</strong></span> <span class='ocrx_word' id='word_1_182' title='bbox 1095 2176 1148 2217; x_wconf 79' lang='lat' dir='ltr'><strong>v.</strong></span> <span class='ocrx_word' id='word_1_183' title='bbox 1182 2160 1278 2217; x_wconf 84' lang='lat'><strong>12.</strong></span> 
     </span>
    </p>
   </div>
   <div class='ocr_carea' id='block_1_3' title="bbox 1236 2300 1484 2359">
    <p class='ocr_par' dir='ltr' id='par_1_3' title="bbox 1236 2300 1484 2359">
     <span class='ocr_line' id='line_1_23' title="bbox 1236 2300 1484 2359; baseline 0.004 -1"><span class='ocrx_word' id='word_1_184' title='bbox 1236 2300 1484 2359; x_wconf 87' lang='lat' dir='ltr'>XXVI.</span> 
     </span>
    </p>
   </div>
   <div class='ocr_carea' id='block_1_4' title="bbox 205 2416 2455 3948">
    <p class='ocr_par' dir='ltr' id='par_1_4' title="bbox 205 2416 2455 3867">
     <span class='ocr_line' id='line_1_24' title="bbox 385 2416 2455 2498; baseline 0.001 -19"><span class='ocrx_word' id='word_1_185' title='bbox 385 2421 449 2480; x_wconf 89' lang='lat' dir='ltr'><strong>Si</strong></span> <span class='ocrx_word' id='word_1_186' title='bbox 477 2440 863 2479; x_wconf 86' lang='lat' dir='ltr'><strong>numerosum</strong></span> <span class='ocrx_word' id='word_1_187' title='bbox 890 2423 983 2477; x_wconf 90' lang='lat' dir='ltr'><strong>est</strong></span> <span class='ocrx_word' id='word_1_188' title='bbox 1006 2416 1072 2476; x_wconf 89' lang='lat' dir='ltr'><strong>in</strong></span> <span class='ocrx_word' id='word_1_189' title='bbox 1099 2418 1379 2478; x_wconf 89' lang='lat' dir='ltr'><strong>omnibus</strong></span> <span class='ocrx_word' id='word_1_190' title='bbox 1404 2417 1567 2478; x_wconf 90' lang='lat' dir='ltr'><strong>sonis</strong></span> <span class='ocrx_word' id='word_1_191' title='bbox 1590 2423 1771 2496; x_wconf 85' lang='lat' dir='ltr'><strong>atque</strong></span> <span class='ocrx_word' id='word_1_192' title='bbox 1793 2420 2057 2490; x_wconf 88' lang='lat' dir='ltr'><strong>vocibus,</strong></span> <span class='ocrx_word' id='word_1_193' title='bbox 2083 2422 2247 2498; x_wconf 88' lang='lat' dir='ltr'><strong>quod</strong></span> <span class='ocrx_word' id='word_1_194' title='bbox 2273 2422 2455 2481; x_wconf 87' lang='lat' dir='ltr'><strong>habet</strong></span> 
     </span>
     <span class='ocr_line' id='line_1_25' title="bbox 257 2510 2450 2592; baseline 0.001 -21"><span class='ocrx_word' id='word_1_195' title='bbox 257 2514 551 2589; x_wconf 83' lang='lat' dir='ltr'><strong>quasdam</strong></span> <span class='ocrx_word' id='word_1_196' title='bbox 576 2511 1013 2589; x_wconf 84' lang='lat' dir='ltr'><strong>impressiones,</strong></span> <span class='ocrx_word' id='word_1_197' title='bbox 1043 2516 1107 2569; x_wconf 88' lang='lat' dir='ltr'><strong>et</strong></span> <span class='ocrx_word' id='word_1_198' title='bbox 1133 2512 1293 2588; x_wconf 90' lang='lat' dir='ltr'><strong>quod</strong></span> <span class='ocrx_word' id='word_1_199' title='bbox 1319 2510 1519 2569; x_wconf 90' lang='lat' dir='ltr'><strong>metiri</strong></span> <span class='ocrx_word' id='word_1_200' title='bbox 1545 2530 1864 2587; x_wconf 89' lang='lat' dir='ltr'><strong>possumus</strong></span> <span class='ocrx_word' id='word_1_201' title='bbox 1890 2513 2228 2571; x_wconf 86' lang='lat' dir='ltr'><strong>intervallis</strong></span> <span class='ocrx_word' id='word_1_202' title='bbox 2254 2534 2450 2592; x_wconf 74' lang='lat' dir='ltr'><strong>aequa-</strong></span> 
     </span>
     <span class='ocr_line' id='line_1_26' title="bbox 258 2605 2451 2683; baseline 0.002 -21"><span class='ocrx_word' id='word_1_203' title='bbox 258 2607 436 2680; x_wconf 87' lang='lat' dir='ltr'><strong>libus,</strong></span> <span class='ocrx_word' id='word_1_204' title='bbox 486 2626 680 2683; x_wconf 88' lang='lat' dir='ltr'><strong>genus</strong></span> <span class='ocrx_word' id='word_1_205' title='bbox 727 2606 839 2666; x_wconf 91' lang='lat' dir='ltr'><strong>hoc</strong></span> <span class='ocrx_word' id='word_1_206' title='bbox 893 2625 1296 2677; x_wconf 89' lang='lat' dir='ltr'><strong>numerorum,</strong></span> <span class='ocrx_word' id='word_1_207' title='bbox 1346 2605 1671 2663; x_wconf 89' lang='lat' dir='ltr'><strong>dummodo</strong></span> <span class='ocrx_word' id='word_1_208' title='bbox 1714 2624 1792 2663; x_wconf 89' lang='lat' dir='ltr'><strong>ne</strong></span> <span class='ocrx_word' id='word_1_209' title='bbox 1836 2607 2195 2664; x_wconf 90' lang='lat' dir='ltr'><strong>continuum</strong></span> <span class='ocrx_word' id='word_1_210' title='bbox 2241 2608 2338 2680; x_wconf 86' lang='lat' dir='ltr'><strong>sit,</strong></span> <span class='ocrx_word' id='word_1_211' title='bbox 2385 2610 2451 2666; x_wconf 92' lang='lat' dir='ltr'><strong>in</strong></span> 
     </span>
     <span class='ocr_line' id='line_1_27' title="bbox 259 2695 2452 2774; baseline 0 -16"><span class='ocrx_word' id='word_1_212' title='bbox 259 2700 550 2758; x_wconf 86' lang='lat' dir='ltr'><strong>orationis</strong></span> <span class='ocrx_word' id='word_1_213' title='bbox 589 2697 766 2757; x_wconf 84' lang='lat' dir='ltr'><strong>laude</strong></span> <span class='ocrx_word' id='word_1_214' title='bbox 807 2702 1082 2774; x_wconf 88' lang='lat' dir='ltr'><strong>ponetur.</strong></span> <span class='ocrx_word' id='word_1_215' title='bbox 1164 2696 1324 2754; x_wconf 86' lang='lat' dir='ltr'><strong>Nam</strong></span> <span class='ocrx_word' id='word_1_216' title='bbox 1355 2696 1408 2755; x_wconf 88' lang='lat' dir='ltr'><strong>si</strong></span> <span class='ocrx_word' id='word_1_217' title='bbox 1433 2695 1603 2753; x_wconf 90' lang='lat' dir='ltr'><strong>rudis</strong></span> <span class='ocrx_word' id='word_1_218' title='bbox 1632 2701 1697 2755; x_wconf 92' lang='lat' dir='ltr'><strong>et</strong></span> <span class='ocrx_word' id='word_1_219' title='bbox 1736 2696 2011 2773; x_wconf 90' lang='lat' dir='ltr'><strong>impolita</strong></span> <span class='ocrx_word' id='word_1_220' title='bbox 2047 2700 2319 2774; x_wconf 89' lang='lat' dir='ltr'><strong>putanda</strong></span> <span class='ocrx_word' id='word_1_221' title='bbox 2358 2706 2452 2759; x_wconf 89' lang='lat' dir='ltr'><strong>est</strong></span> 
     </span>
     <span class='ocr_line' id='line_1_28' title="bbox 258 2789 2451 2867; baseline 0.002 -20"><span class='ocrx_word' id='word_1_222' title='bbox 258 2790 364 2847; x_wconf 89' lang='lat' dir='ltr'><strong>illa</strong></span> <span class='ocrx_word' id='word_1_223' title='bbox 390 2792 519 2851; x_wconf 90' lang='lat' dir='ltr'><strong>sine</strong></span> <span class='ocrx_word' id='word_1_224' title='bbox 539 2789 874 2851; x_wconf 83' lang='lat' dir='ltr'><strong>intervallis</strong></span> <span class='ocrx_word' id='word_1_225' title='bbox 892 2789 1226 2866; x_wconf 89' lang='lat' dir='ltr'><strong>loquacitas</strong></span> <span class='ocrx_word' id='word_1_226' title='bbox 1253 2790 1533 2866; x_wconf 88' lang='lat' dir='ltr'><strong>perennis</strong></span> <span class='ocrx_word' id='word_1_227' title='bbox 1554 2794 1617 2847; x_wconf 92' lang='lat' dir='ltr'><strong>et</strong></span> <span class='ocrx_word' id='word_1_228' title='bbox 1645 2789 1964 2866; x_wconf 90' lang='lat' dir='ltr'><strong>profluens,</strong></span> <span class='ocrx_word' id='word_1_229' title='bbox 1989 2790 2138 2867; x_wconf 89' lang='lat' dir='ltr'><strong>quid</strong></span> <span class='ocrx_word' id='word_1_230' title='bbox 2164 2796 2258 2851; x_wconf 88' lang='lat' dir='ltr'><strong>est</strong></span> <span class='ocrx_word' id='word_1_231' title='bbox 2282 2792 2451 2852; x_wconf 86' lang='lat' dir='ltr'><strong>aliud</strong></span> 
     </span>
     <span class='ocr_line' id='line_1_29' title="bbox 259 2880 2449 2963; baseline 0.002 -23"><span class='ocrx_word' id='word_1_232' title='bbox 259 2901 456 2942; x_wconf 74' lang='lat' dir='ltr'><strong>causae</strong></span> <span class='ocrx_word' id='word_1_233' title='bbox 493 2904 606 2942; x_wconf 87' lang='lat' dir='ltr'><strong>cur</strong></span> <span class='ocrx_word' id='word_1_234' title='bbox 643 2882 1011 2959; x_wconf 88' lang='lat' dir='ltr'><strong>repudietur,</strong></span> <span class='ocrx_word' id='word_1_235' title='bbox 1039 2881 1156 2939; x_wconf 90' lang='lat' dir='ltr'><strong>nisi</strong></span> <span class='ocrx_word' id='word_1_236' title='bbox 1185 2881 1347 2958; x_wconf 89' lang='lat' dir='ltr'><strong>quod</strong></span> <span class='ocrx_word' id='word_1_237' title='bbox 1387 2880 1609 2939; x_wconf 73' lang='lat' dir='ltr'><strong>natura</strong></span> <span class='ocrx_word' id='word_1_238' title='bbox 1642 2900 1850 2939; x_wconf 91' lang='lat' dir='ltr'><strong>vocem</strong></span> <span class='ocrx_word' id='word_1_239' title='bbox 1884 2883 2273 2943; x_wconf 88' lang='lat' dir='ltr'><strong>modulantur</strong></span> <span class='ocrx_word' id='word_1_240' title='bbox 2304 2885 2449 2963; x_wconf 83' lang='lat' dir='ltr'><strong>ipsae</strong></span> 
     </span>
     <span class='ocr_line' id='line_1_30' title="bbox 205 2973 2446 3055; baseline 0.002 -22"><span class='ocrx_word' id='word_1_241' title='bbox 205 2998 216 3007; x_wconf 92' lang='lat'><strong>·</strong></span> <span class='ocrx_word' id='word_1_242' title='bbox 259 2975 482 3035; x_wconf 85' lang='lat' dir='ltr'><strong>aures?</strong></span> <span class='ocrx_word' id='word_1_243' title='bbox 583 2974 759 3049; x_wconf 84' lang='lat' dir='ltr'><strong>Quod</strong></span> <span class='ocrx_word' id='word_1_244' title='bbox 811 2974 958 3046; x_wconf 87' lang='lat' dir='ltr'><strong>fieri,</strong></span> <span class='ocrx_word' id='word_1_245' title='bbox 1003 2973 1120 3031; x_wconf 85' lang='lat' dir='ltr'><strong>nisi</strong></span> <span class='ocrx_word' id='word_1_246' title='bbox 1163 2974 1323 3032; x_wconf 89' lang='lat' dir='ltr'><strong>inest</strong></span> <span class='ocrx_word' id='word_1_247' title='bbox 1369 2993 1658 3031; x_wconf 83' lang='lat' dir='ltr'><strong>numerus</strong></span> <span class='ocrx_word' id='word_1_248' title='bbox 1712 2973 1777 3030; x_wconf 90' lang='lat' dir='ltr'><strong>in</strong></span> <span class='ocrx_word' id='word_1_249' title='bbox 1830 2994 1995 3047; x_wconf 90' lang='lat' dir='ltr'><strong>voce,</strong></span> <span class='ocrx_word' id='word_1_250' title='bbox 2052 2996 2174 3035; x_wconf 88' lang='lat' dir='ltr'><strong>non</strong></span> <span class='ocrx_word' id='word_1_251' title='bbox 2228 2983 2446 3055; x_wconf 88' lang='lat' dir='ltr'><strong>potest.</strong></span> 
     </span>
     <span class='ocr_line' id='line_1_31' title="bbox 259 3064 2449 3148; baseline 0.002 -22"><span class='ocrx_word' id='word_1_252' title='bbox 259 3068 566 3126; x_wconf 82' lang='lat' dir='ltr'><strong>Numerus</strong></span> <span class='ocrx_word' id='word_1_253' title='bbox 592 3072 793 3125; x_wconf 87' lang='lat' dir='ltr'><strong>autem</strong></span> <span class='ocrx_word' id='word_1_254' title='bbox 820 3068 886 3124; x_wconf 89' lang='lat' dir='ltr'><strong>in</strong></span> <span class='ocrx_word' id='word_1_255' title='bbox 918 3066 1371 3125; x_wconf 86' lang='lat' dir='ltr'><strong>continuatione</strong></span> <span class='ocrx_word' id='word_1_256' title='bbox 1412 3064 1617 3122; x_wconf 87' lang='lat' dir='ltr'><strong>nullus</strong></span> <span class='ocrx_word' id='word_1_257' title='bbox 1654 3070 1785 3124; x_wconf 90' lang='lat' dir='ltr'><strong>est:</strong></span> <span class='ocrx_word' id='word_1_258' title='bbox 1829 3065 2139 3127; x_wconf 84' lang='lat' dir='ltr'><strong>distinctio</strong></span> <span class='ocrx_word' id='word_1_259' title='bbox 2166 3074 2228 3129; x_wconf 88' lang='lat' dir='ltr'><strong>et</strong></span> <span class='ocrx_word' id='word_1_260' title='bbox 2254 3091 2449 3148; x_wconf 72' lang='lat' dir='ltr'><strong>aequa-</strong></span> 
     </span>
     <span class='ocr_line' id='line_1_32' title="bbox 259 3156 2445 3236; baseline 0.002 -19"><span class='ocrx_word' id='word_1_261' title='bbox 259 3160 408 3217; x_wconf 92' lang='lat' dir='ltr'><strong>lium</strong></span> <span class='ocrx_word' id='word_1_262' title='bbox 451 3165 514 3218; x_wconf 89' lang='lat' dir='ltr'><strong>et</strong></span> <span class='ocrx_word' id='word_1_263' title='bbox 561 3179 716 3236; x_wconf 85' lang='lat' dir='ltr'><strong>saepe</strong></span> <span class='ocrx_word' id='word_1_264' title='bbox 755 3157 1060 3217; x_wconf 87' lang='lat' dir='ltr'><strong>variorum</strong></span> <span class='ocrx_word' id='word_1_265' title='bbox 1095 3156 1556 3215; x_wconf 88' lang='lat' dir='ltr'><strong>intervallorum</strong></span> <span class='ocrx_word' id='word_1_266' title='bbox 1599 3157 1904 3232; x_wconf 87' lang='lat' dir='ltr'><strong>percussio</strong></span> <span class='ocrx_word' id='word_1_267' title='bbox 1951 3179 2271 3219; x_wconf 89' lang='lat' dir='ltr'><strong>numerum</strong></span> <span class='ocrx_word' id='word_1_268' title='bbox 2310 3182 2445 3221; x_wconf 88' lang='lat' dir='ltr'><strong>con-</strong></span> 
     </span>
     <span class='ocr_line' id='line_1_33' title="bbox 260 3248 2446 3330; baseline 0.001 -20"><span class='ocrx_word' id='word_1_269' title='bbox 260 3252 423 3323; x_wconf 84' lang='lat' dir='ltr'><strong>ficit3</strong></span> <span class='ocrx_word' id='word_1_270' title='bbox 468 3270 644 3328; x_wconf 89' lang='lat' dir='ltr'><strong>quem</strong></span> <span class='ocrx_word' id='word_1_271' title='bbox 671 3250 736 3307; x_wconf 89' lang='lat' dir='ltr'><strong>in</strong></span> <span class='ocrx_word' id='word_1_272' title='bbox 762 3248 1117 3308; x_wconf 90' lang='lat' dir='ltr'><strong>cadentibus</strong></span> <span class='ocrx_word' id='word_1_273' title='bbox 1144 3248 1358 3325; x_wconf 70' lang='lat' dir='ltr'><strong>guttis,</strong></span> <span class='ocrx_word' id='word_1_274' title='bbox 1388 3248 1548 3324; x_wconf 90' lang='lat' dir='ltr'><strong>quod</strong></span> <span class='ocrx_word' id='word_1_275' title='bbox 1586 3248 1927 3308; x_wconf 84' lang='lat' dir='ltr'><strong>intervallis</strong></span> <span class='ocrx_word' id='word_1_276' title='bbox 1965 3252 2446 3330; x_wconf 82' lang='lat' dir='ltr'><strong>distinguuntur,</strong></span> 
     </span>
     <span class='ocr_line' id='line_1_34' title="bbox 259 3340 2450 3423; baseline 0.002 -23"><span class='ocrx_word' id='word_1_277' title='bbox 259 3350 471 3402; x_wconf 86' lang='lat' dir='ltr'><strong>notare</strong></span> <span class='ocrx_word' id='word_1_278' title='bbox 516 3360 852 3423; x_wconf 89' lang='lat' dir='ltr'><strong>possumus,</strong></span> <span class='ocrx_word' id='word_1_279' title='bbox 892 3341 960 3399; x_wconf 91' lang='lat' dir='ltr'><strong>in</strong></span> <span class='ocrx_word' id='word_1_280' title='bbox 1001 3340 1165 3399; x_wconf 86' lang='lat' dir='ltr'><strong>amni</strong></span> <span class='ocrx_word' id='word_1_281' title='bbox 1207 3340 1618 3417; x_wconf 81' lang='lat' dir='ltr'><strong>praecipitante</strong></span> <span class='ocrx_word' id='word_1_282' title='bbox 1664 3360 1788 3399; x_wconf 88' lang='lat' dir='ltr'><strong>non</strong></span> <span class='ocrx_word' id='word_1_283' title='bbox 1833 3362 2171 3420; x_wconf 77' lang='lat' dir='ltr'><strong>possumus,</strong></span> <span class='ocrx_word' id='word_1_284' title='bbox 2273 3344 2450 3419; x_wconf 79' lang='lat' dir='ltr'><strong>Quod</strong></span> 
     </span>
     <span class='ocr_line' id='line_1_35' title="bbox 261 3431 2446 3514; baseline 0 -20"><span class='ocrx_word' id='word_1_285' title='bbox 261 3435 314 3494; x_wconf 90' lang='lat' dir='ltr'><strong>si</strong></span> <span class='ocrx_word' id='word_1_286' title='bbox 355 3434 733 3494; x_wconf 87' lang='lat' dir='ltr'><strong>continuatio</strong></span> <span class='ocrx_word' id='word_1_287' title='bbox 780 3432 1101 3491; x_wconf 89' lang='lat' dir='ltr'><strong>verborum</strong></span> <span class='ocrx_word' id='word_1_288' title='bbox 1147 3431 1347 3490; x_wconf 86' lang='lat' dir='ltr'><strong>soluta</strong></span> <span class='ocrx_word' id='word_1_289' title='bbox 1388 3432 1583 3491; x_wconf 87' lang='lat' dir='ltr'><strong>multo</strong></span> <span class='ocrx_word' id='word_1_290' title='bbox 1626 3438 1723 3491; x_wconf 88' lang='lat' dir='ltr'><strong>est</strong></span> <span class='ocrx_word' id='word_1_291' title='bbox 1766 3434 1966 3513; x_wconf 87' lang='lat' dir='ltr'><strong>aptior</strong></span> <span class='ocrx_word' id='word_1_292' title='bbox 2006 3441 2187 3513; x_wconf 79' lang='lat' dir='ltr'><strong>atque</strong></span> <span class='ocrx_word' id='word_1_293' title='bbox 2232 3438 2446 3514; x_wconf 82' lang='lat' dir='ltr'><strong>jucun-</strong></span> 
     </span>
     <span class='ocr_line' id='line_1_36' title="bbox 260 3522 2449 3601; baseline 0.002 -17"><span class='ocrx_word' id='word_1_294' title='bbox 260 3526 413 3598; x_wconf 89' lang='lat' dir='ltr'><strong>dior,</strong></span> <span class='ocrx_word' id='word_1_295' title='bbox 449 3526 502 3584; x_wconf 92' lang='lat' dir='ltr'><strong>si</strong></span> <span class='ocrx_word' id='word_1_296' title='bbox 537 3531 632 3584; x_wconf 89' lang='lat' dir='ltr'><strong>est</strong></span> <span class='ocrx_word' id='word_1_297' title='bbox 666 3524 943 3583; x_wconf 89' lang='lat' dir='ltr'><strong>articulis</strong></span> <span class='ocrx_word' id='word_1_298' title='bbox 985 3522 1386 3599; x_wconf 88' lang='lat' dir='ltr'><strong>membrisque</strong></span> <span class='ocrx_word' id='word_1_299' title='bbox 1428 3523 1738 3592; x_wconf 84' lang='lat' dir='ltr'><strong>distincta,</strong></span> <span class='ocrx_word' id='word_1_300' title='bbox 1777 3544 1959 3601; x_wconf 88' lang='lat' dir='ltr'><strong>quam</strong></span> <span class='ocrx_word' id='word_1_301' title='bbox 2000 3528 2052 3583; x_wconf 90' lang='lat' dir='ltr'><strong>si</strong></span> <span class='ocrx_word' id='word_1_302' title='bbox 2092 3529 2449 3589; x_wconf 86' lang='lat' dir='ltr'><strong>continuata</strong></span> 
     </span>
     <span class='ocr_line' id='line_1_37' title="bbox 257 3615 2453 3697; baseline 0.001 -22"><span class='ocrx_word' id='word_1_303' title='bbox 257 3638 330 3677; x_wconf 83' lang='lat' dir='ltr'><strong>ac</strong></span> <span class='ocrx_word' id='word_1_304' title='bbox 382 3619 693 3697; x_wconf 85' lang='lat' dir='ltr'><strong>producta,</strong></span> <span class='ocrx_word' id='word_1_305' title='bbox 751 3616 1019 3674; x_wconf 85' lang='lat' dir='ltr'><strong>membra</strong></span> <span class='ocrx_word' id='word_1_306' title='bbox 1069 3616 1175 3672; x_wconf 85' lang='lat' dir='ltr'><strong>illa</strong></span> <span class='ocrx_word' id='word_1_307' title='bbox 1227 3615 1573 3673; x_wconf 87' lang='lat' dir='ltr'><strong>modificata</strong></span> <span class='ocrx_word' id='word_1_308' title='bbox 1624 3634 1753 3674; x_wconf 89' lang='lat' dir='ltr'><strong>esse</strong></span> <span class='ocrx_word' id='word_1_309' title='bbox 1807 3618 2142 3689; x_wconf 86' lang='lat' dir='ltr'><strong>debebunt3</strong></span> <span class='ocrx_word' id='word_1_310' title='bbox 2206 3638 2341 3695; x_wconf 85' lang='lat' dir='ltr'><strong>quae</strong></span> <span class='ocrx_word' id='word_1_311' title='bbox 2395 3622 2453 3680; x_wconf 89' lang='lat' dir='ltr'><strong>si</strong></span> 
     </span>
     <span class='ocr_line' id='line_1_38' title="bbox 260 3706 2445 3784; baseline -0.002 -16"><span class='ocrx_word' id='word_1_312' title='bbox 260 3712 323 3768; x_wconf 90' lang='lat' dir='ltr'><strong>in</strong></span> <span class='ocrx_word' id='word_1_313' title='bbox 371 3716 640 3770; x_wconf 83' lang='lat' dir='ltr'><strong>extremo</strong></span> <span class='ocrx_word' id='word_1_314' title='bbox 684 3708 958 3767; x_wconf 88' lang='lat' dir='ltr'><strong>breviora</strong></span> <span class='ocrx_word' id='word_1_315' title='bbox 999 3714 1159 3779; x_wconf 90' lang='lat' dir='ltr'><strong>sunt,</strong></span> <span class='ocrx_word' id='word_1_316' title='bbox 1205 3706 1563 3783; x_wconf 85' lang='lat' dir='ltr'><strong>infringitur</strong></span> <span class='ocrx_word' id='word_1_317' title='bbox 1604 3706 1705 3765; x_wconf 90' lang='lat' dir='ltr'><strong>ille</strong></span> <span class='ocrx_word' id='word_1_318' title='bbox 1749 3708 1921 3784; x_wconf 86' lang='lat' dir='ltr'><strong>quasi</strong></span> <span class='ocrx_word' id='word_1_319' title='bbox 1962 3710 2283 3769; x_wconf 88' lang='lat' dir='ltr'><strong>verborum</strong></span> <span class='ocrx_word' id='word_1_320' title='bbox 2318 3732 2445 3775; x_wconf 85' lang='lat' dir='ltr'><strong>am.</strong></span> 
     </span>
     <span class='ocr_line' id='line_1_39' title="bbox 259 3797 2448 3867; baseline 0.002 -6"><span class='ocrx_word' id='word_1_321' title='bbox 259 3803 459 3862; x_wconf 80' lang='lat' dir='ltr'><strong>bitus:</strong></span> <span class='ocrx_word' id='word_1_322' title='bbox 525 3802 614 3861; x_wconf 88' lang='lat' dir='ltr'><strong>sic</strong></span> <span class='ocrx_word' id='word_1_323' title='bbox 664 3801 828 3859; x_wconf 91' lang='lat' dir='ltr'><strong>enim</strong></span> <span class='ocrx_word' id='word_1_324' title='bbox 882 3799 991 3859; x_wconf 89' lang='lat' dir='ltr'><strong>has</strong></span> <span class='ocrx_word' id='word_1_325' title='bbox 1045 3798 1339 3858; x_wconf 89' lang='lat' dir='ltr'><strong>orationis</strong></span> <span class='ocrx_word' id='word_1_326' title='bbox 1392 3799 1811 3859; x_wconf 83' lang='lat' dir='ltr'><strong>conversiones</strong></span> <span class='ocrx_word' id='word_1_327' title='bbox 1868 3797 2063 3863; x_wconf 79' lang='lat' dir='ltr'><strong>Graeci</strong></span> <span class='ocrx_word' id='word_1_328' title='bbox 2114 3803 2448 3867; x_wconf 84' lang='lat' dir='ltr'><strong>nominant.</strong></span> 
     </span>
    </p>

    <p class='ocr_par' dir='ltr' id='par_1_5' title="bbox 1335 3906 1366 3948">
     <span class='ocr_line' id='line_1_40' title="bbox 1335 3906 1366 3948; baseline 0 0"><span class='ocrx_word' id='word_1_329' title='bbox 1335 3906 1366 3948; x_wconf 89' lang='lat' dir='ltr'><strong>c</strong></span> 
     </span>
    </p>
   </div>
  </div>
 </body>
</html>
