2744 4138
290 125 376 186 54
900 142 1030 190 nr
1074 144 1147 189 'ro
1192 143 1315 189 m
1358 143 1542 190 mnu
1588 145 1862 190 must.

288 288 530 348 demum
558 289 709 348 mihi
732 290 973 368 placent
998 292 1213 351 litteroe
1240 312 1375 370 quae
1400 297 1466 352 te
1491 292 1758 352 validum
1799 293 2124 368 laetumque
2150 293 2493 354 numiant.

286 383 524 442 Vellem
550 384 831 462 equidem
858 390 918 444 te
944 391 1143 446 aratro
1170 387 1492 446 redditum.
1573 387 1704 447 Rus
1729 393 1906 446 tuum
1937 389 2230 448 Sabinum
2256 389 2493 450 floren-

284 477 588 536 tissimum
614 481 725 536 est.
794 477 901 537 Bis
927 477 1013 536 ibi
1037 478 1199 536 inter
1226 479 1564 556 proximum
1586 479 1926 537 nundinum
1953 482 2304 558 pernoctavi
2325 482 2491 540 dum

286 568 641 646 Pompeium
668 574 942 627 nostrum
965 590 1151 648 prope
1177 571 1492 630 Tiburtem
1519 572 1647 629 viso
1689 579 1752 630 et
1790 572 1934 630 inde
1973 573 2222 630 domum
2251 573 2440 632 redeo
2465 597 2488 632 τ

290 680 411 738 quo
437 661 656 720 itinere
682 666 921 720 tantum
951 681 1082 719 sum
1113 662 1444 722 delectatus
1472 670 1768 740 quantum
1790 669 2004 723 tutuo.
2069 663 2138 724 Si
2163 683 2287 724 non
2305 684 2492 724 arces

288 773 484 832 nuper
535 752 823 824 munitas,
877 754 1157 813 videbam
1224 755 1440 813 saltem
1493 760 1728 814 veteres
1781 775 1851 814 ao
1906 755 2201 814 ruinosas.
2309 755 2484 830 Quid

286 850 561 922 superest
580 843 609 903 P
718 845 891 905 Nihil
944 865 1107 905 sane.
1205 846 1309 905 Me
1362 867 1489 905 uno
1535 854 1781 923 excepto
1836 867 2044 906 omnes
2085 847 2486 908 comitiorum

288 938 642 1015 satagitant.
723 939 1012 1016 Pompeio
1048 937 1402 998 Tiburtinos
1437 947 1758 1016 prensante
1791 959 1988 998 meam
2022 939 2215 1018 ipsius
2239 941 2478 1018 sapien-

286 1030 439 1089 tiam
466 1030 749 1103 mirabar,
772 1031 955 1110 juxta
969 1031 1120 1089 illud
1154 1031 1345 1092 Suave
1364 1033 1527 1090 ‘mari
1549 1052 1775 1108 maqno.
1823 1031 2201 1110 Sapientiam
2226 1033 2481 1109 quidem

285 1142 595 1200 nunquam
622 1124 924 1200 professus
954 1143 1103 1194 sum,
1123 1123 1281 1182 idem
1298 1129 1502 1182 tamen
1520 1125 1788 1182 omnium
1809 1143 1945 1182 sum
1961 1124 2471 1202 sapientissimum

281 1233 398 1291 ago
426 1213 652 1291 aliquid
680 1235 932 1291 semper,
960 1219 1169 1292 satago
1194 1234 1524 1292 nunquam,
1554 1215 1620 1271 in
1647 1215 1826 1293 nugis
1854 1221 2158 1288 strenuus,
2176 1216 2478 1275 seriorum

282 1323 547 1364 securus.
632 1305 978 1382 Sapientem
1003 1326 1130 1365 esse
1157 1326 1343 1384 negas
1362 1305 1392 1365 P
1434 1311 1500 1365 at
1537 1312 1698 1366 certe
1723 1311 2078 1365 contentum
2105 1307 2285 1366 dices.
2368 1307 2478 1367 Me

281 1402 525 1456 ‘tantum
549 1397 729 1475 juvat
755 1397 1011 1457 nucibus
1051 1398 1258 1457 ludere
1284 1405 1583 1475 quantum
1623 1399 1897 1476 quemvis
1937 1400 2289 1477 regulorum
2329 1419 2478 1458 cum

282 1488 502 1567 quibus
529 1487 719 1567 nuper
746 1495 1021 1550 versatus
1062 1510 1127 1548 es
1166 1491 1388 1567 aquilis
1427 1491 1668 1562 invehi;
1710 1490 2122 1550 desiderabam
2163 1497 2370 1550 tamen
2411 1497 2481 1550 te

281 1582 572 1660 Esquiliis
624 1601 746 1640 non
785 1582 916 1642 sine
959 1582 1179 1654 dolore,
1230 1591 1293 1642 et
1345 1583 1752 1642 contristabar
1799 1583 1960 1658 quod
2002 1582 2068 1639 in
2114 1582 2254 1642 aula
2289 1603 2478 1644 esses.

282 1676 455 1734 Vale.
526 1675 894 1734 Nuntiatum
920 1681 1015 1735 est
1040 1675 1119 1733 ab
1144 1673 1512 1734 Alexandria
1537 1676 1698 1732 inter
1725 1674 2109 1751 Tisiphonem
2127 1679 2191 1734 et
2211 1675 2480 1736 Parthos

282 1787 493 1846 pacem
519 1768 741 1828 factam
769 1787 913 1828 esse.
998 1768 1174 1828 Itane
1199 1787 1343 1827 vero
1364 1765 1537 1826 P--J.
1571 1765 1930 1826 Comitem-on.

1062 1983 1250 2044 XIII.
1340 1983 1685 2060 (Horum.)

404 2126 723 2204 Equidem,
750 2148 877 2199 rex,
907 2128 1073 2189 haud
1112 2128 1236 2187 scio
1276 2148 1352 2187 an
1397 2146 1708 2203 nunquam
1735 2126 1884 2185 mihi
1925 2145 2042 2204 pro.
2063 2124 2170 2185 tua
2195 2124 2472 2189 bonitate

280 2222 521 2279 tantum
549 2220 833 2297 prodesse
858 2220 1051 2297 possis
1078 2226 1370 2297 quantum
1413 2219 1588 2277 hodie
1615 2218 1894 2279 nocuisti.
1976 2218 2138 2277 Nam
2177 2217 2472 2281 comitum

280 2316 546 2383 tuorum,
573 2312 843 2370 virorum
872 2312 1109 2371 summa
1134 2312 1269 2383 fide,
1298 2330 1476 2370 nemo
1505 2317 1598 2369 est
1631 2311 1779 2388 quin
1809 2309 2138 2369 miserrime
2164 2310 2471 2369 cruciatus

278 2405 383 2479 sit,
400 2404 721 2465 metuendo
748 2425 826 2463 ne
852 2390 1001 2482 quid
1027 2405 1142 2463 tibi
1167 2405 1246 2463 ab
1269 2404 1389 2462 isto
1410 2404 1660 2463 vulnere
1686 2423 1858 2462 secus
1885 2402 2161 2462 eveniat:
2191 2422 2304 2480 ego
2325 2423 2472 2461 vero

279 2498 456 2575 quasi
499 2496 565 2557 in
606 2496 834 2574 pictam
874 2497 1135 2573 aliquam
1181 2502 1482 2555 terrarum
1524 2495 1991 2573 descriptionem
2036 2495 2262 2555 intueri
2298 2494 2470 2554 visus

278 2608 435 2661 sum,
477 2590 582 2647 ubi
621 2608 817 2666 pauca
857 2588 1130 2666 quaedam
1169 2592 1332 2658 nota,
1376 2592 1574 2645 cetera
1618 2588 1928 2665 incognita
1970 2592 2035 2646 et
2074 2606 2199 2666 proe
2238 2592 2471 2645 terrore

280 2681 534 2741 deserta.
616 2682 756 2742 Jam
786 2682 837 2741 si
866 2682 1001 2757 quis
1028 2679 1188 2737 ultra
1214 2684 1384 2736 tuam
1423 2684 1680 2751 mortem
1721 2680 2061 2758 prospicere
2091 2678 2252 2752 velit,
2279 2700 2374 2737 nae
2415 2680 2470 2739 is

282 2794 513 2833 meram
542 2775 865 2851 caliginem
892 2780 955 2832 et
979 2772 1247 2831 infinitas
1274 2770 1548 2829 miserias
1587 2772 2114 2851 contemplabitur.
2199 2771 2374 2846 Quod
2415 2773 2470 2831 si

279 2864 389 2924 tua
407 2866 597 2942 ipsius
620 2864 831 2929 caussa
850 2865 1188 2942 intelligere
1208 2863 1440 2941 nequiS,
1453 2871 1795 2923 nostrorum
1816 2864 2268 2923 saltem-caussa
2287 2864 2467 2923 velim

280 2956 527 3017 ediscas·
612 2956 828 3016 Grates
855 2976 997 3015 sane
1036 2956 1272 3034 agimus
1302 2958 1432 3015 Deo
1463 2956 1535 3015 O.
1565 2956 1648 3015 Μ.
1679 2955 1785 3032 qui
1825 2957 1999 3014 nobis
2038 2956 2152 3015 hoc
2193 2962 2465 3035 tempore

278 3066 485 3127 regem
510 3048 577 3107 in
602 3049 760 3107 bello
787 3055 1102 3108 strenuum
1120 3049 1371 3120 dederit,
1396 3067 1536 3107 cum
1553 3048 1709 3105 hanc
1736 3058 2006 3106 nostram
2033 3049 2466 3125 rempublicam

280 3142 577 3201 sustinere
603 3161 727 3200 non
754 3148 957 3219 posset
984 3142 1260 3220 princeps
1280 3140 1386 3218 qui
1404 3144 1642 3198 tantum
1665 3140 1922 3217 negotiis
1938 3144 2208 3199 attentus
2225 3141 2468 3199 umbra-

282 3234 455 3293 tilem
484 3234 786 3311 quandam
804 3234 991 3290 vitam
1016 3234 1259 3291 coleret.
1315 3231 1506 3290 Iidem
1530 3238 1728 3290 tamen
1752 3237 2030 3309 optamus
2049 3237 2122 3290 ut
2147 3232 2200 3291 si
2220 3232 2468 3292 solitum

278 3326 443 3404 regis
463 3345 691 3383 morem
712 3325 983 3395 excedas,
1001 3324 1164 3383 intra
1178 3324 1426 3383 modum
1445 3324 1650 3401 magni
1665 3324 2044 3403 imperatoris
2060 3328 2121 3383 te
2137 3324 2463 3397 contineas,

278 3423 351 3477 ut
375 3420 486 3497 qui
513 3418 621 3478 hos
647 3418 903 3496 triginta
929 3436 1117 3477 annos
1135 3416 1479 3475 Alexander
1501 3416 1708 3489 fueris,
1731 3416 1977 3475 tandem
1991 3414 2315 3494 Augustus
2334 3436 2466 3477 esse

276 3512 447 3571 velis.
528 3511 721 3571 Nobis
764 3510 1010 3588 quidem
1049 3529 1193 3568 vera
1235 3513 1329 3567 est
1377 3508 1567 3585 gloria
1615 3528 1724 3585 pro
1765 3514 1827 3568 te
1869 3508 2058 3567 mori:
2124 3509 2277 3568 illud
2319 3530 2466 3570 vero

276 3601 522 3681 insuper
548 3604 841 3662 affirmare
869 3602 1083 3675 ausim,
1111 3599 1224 3658 tibi
1252 3619 1493 3677 quoque
1521 3599 1698 3658 officii
1726 3601 2070 3660 ducendum
2097 3620 2228 3661 esse
2252 3600 2372 3679 qua
2399 3621 2464 3661 es

278 3694 609 3769 clementia,
638 3700 711 3754 ut
736 3714 849 3774 pro
874 3694 1045 3753 nobis
1078 3691 1250 3755 vivas
1277 3698 1340 3751 et
1366 3692 1584 3752 valeas.

1807 3783 1848 3842 J
1849 3798 1972 3842 omi
2015 3782 2380 3845 commoror.
