2744 4138
1174 200 1335 252 PABT
1380 201 1458 250 11.
2341 187 2430 250 37

966 527 969 530 ,
1006 463 1253 524 XVIII.
1341 462 1663 540 (Gmsou.)

340 603 547 666 Famae
590 610 885 685 appetens
926 607 1225 686 Trajanus
1266 607 1425 666 fuit:
1467 606 1577 666 sed
1617 606 1778 666 enim
1821 606 2107 683 quamdiu
2147 606 2424 668 homines

210 697 544 759 hominum
586 699 957 758 confectores
997 719 1181 778 quam
1223 705 1560 758 servatores
1599 699 1962 777 impensiore
2003 698 2180 758 laude
2221 719 2424 777 prose·
2515 747 2524 760 .

214 796 510 866 quentur,
567 791 808 850 tamdiu
854 791 1083 850 bellicae
1124 792 1331 870 glorioe
1375 791 1512 849 sitis
1564 791 1876 868 proprium
1931 790 2151 850 eximio
2207 791 2426 868 cuique

214 884 448 942 vitium
494 883 633 943 erit.
731 883 919 943 Hunc
941 904 943 906 ’
964 891 1171 942 autem
1215 883 1551 942 Alexandri
1594 884 1804 943 laudes
1857 882 2044 960 longa
2107 888 2425 960 poetarum

216 974 709 1052 scriptorumque
750 975 903 1034 serie
940 975 1182 1034 traditae
1225 976 1290 1032 iu
1338 975 1737 1053 periculosam
1773 974 2175 1034 aemulationis
2223 975 2419 1034 aleam

219 1065 649 1125 accenderant.
733 1067 817 1124 Et
844 1067 1159 1125 Romanus
1188 1067 1434 1143 quidem
1463 1066 1822 1143 Imperator,
1851 1068 2010 1126 sicut
2049 1067 2152 1126 ille
2180 1067 2427 1140 fecerat,

219 1159 519 1217 adversus
550 1158 817 1218 Orientis
844 1159 1120 1218 nationes
1147 1158 1454 1236 profectus
1481 1167 1608 1218 est:
1652 1178 1773 1216 non
1810 1159 1941 1218 sine
1983 1160 2242 1237 suspirio
2283 1179 2426 1218 con·-

218 1255 480 1325 questus
510 1256 733 1322 tamen,
761 1250 878 1308 sibi
906 1271 1015 1327 per
1040 1257 1279 1309 oetatem
1307 1237 1658 1328 provectam
1684 1251 1789 1310 vix
1815 1251 2077 1328 relinqui
2117 1271 2288 1329 spem
2315 1252 2432 1311 sua

220 1342 347 1402 viri
394 1342 745 1402 Macedonis
790 1344 1018 1402 famam
1071 1343 1452 1420 adaequandi.
1558 1342 1854 1402 Successu
1899 1350 2104 1402 autem
2145 1344 2426 1420 quamvis

223 1453 444 1510 parum
473 1435 777 1506 diuturne,
808 1455 921 1494 nec
961 1435 1139 1494 tardo
1180 1440 1243 1493 et
1285 1434 1724 1513 speciosissimo
1766 1455 1913 1493 usus
1953 1441 2064 1495 est.
2151 1436 2426 1513 Namque

224 1525 447 1584 Parthi
499 1526 827 1606 degeneres
879 1527 1171 1586 intestina
1223 1526 1596 1586 dissensione
1649 1527 1913 1600 infracti,
1969 1528 2194 1606 raptim
2251 1533 2427 1606 terga

223 1605 561 1678 verterunt.
662 1619 884 1678 Victor
938 1619 1172 1696 Tigrim
1224 1619 1481 1678 fluvium
1535 1620 1821 1679 devectus
1875 1626 1970 1678 est
2023 1639 2061 1677 a
2112 1621 2426 1679 montibus

222 1709 530 1768 Armeniis
557 1729 749 1788 usque
774 1711 853 1768 ad
882 1711 1098 1769 Sinum
1127 1711 1476 1770 Persicum:
1511 1716 1572 1770 et
1600 1711 1898 1788 singulari
1919 1711 2166 1770 fortuna
2193 1711 2425 1789 primus

223 1801 391 1860 idem
423 1801 796 1878 ultimusque
822 1803 1048 1861 ducum
1078 1803 1494 1861 Romanorum
1536 1803 1716 1878 longe
1748 1801 2046 1860 distantes
2072 1803 2209 1860 illas
2235 1821 2426 1881 aquas

226 1893 576 1970 navigabat.
660 1894 899 1952 Arabiae
925 1913 1031 1952 ora
1057 1895 1351 1953 classibus
1379 1897 1653 1952 vastata:
1698 1893 1965 1970 falsaque
2005 1893 2292 1971 deceptus
2320 1914 2428 1972 spe

226 1990 524 2063 tanquam
554 2005 697 2044 mox
724 1987 915 2045 Indioe
940 1989 1090 2046 fines
1118 2007 1470 2047 accessurus
1498 1988 1836 2046 laetabatur.
1918 1987 2183 2045 Miratur
2207 1987 2428 2046 identi-

228 2079 369 2137 dem
393 2079 655 2139 Senatus
670 2098 859 2138 novas
880 2082 1175 2152 nationes,
1201 2100 1359 2140 nova
1379 2082 1640 2152 nomina,
1661 2080 1774 2138 sub
1791 2080 2112 2157 imperium
2130 2082 2425 2143 redactas.

227 2172 601 2231 Nuntiatum
652 2179 746 2231 est
799 2173 1102 2250 principes
1156 2173 1433 2251 Bospori,
1481 2172 1806 2246 Colchidis,
1853 2174 2084 2245 Iberioe,
2127 2172 2425 2247 Albaniae,

227 2264 433 2341 ipsum
460 2264 717 2339 denique
746 2263 1117 2322 Parthorum
1150 2285 1356 2342 regem
1399 2252 1474 2323 ab
1503 2265 1899 2344 Imperatoris
1941 2284 2128 2323 manu
2169 2268 2427 2343 sceptris

228 2355 482 2426 donatos
506 2380 520 2413 z
564 2355 783 2414 liberas
810 2362 1017 2414 autem
1045 2362 1259 2434 gentes
1288 2376 1422 2434 quae
1447 2357 1712 2416 Mediam
1738 2362 1804 2416 et
1830 2356 2254 2418 Carduchiana
2270 2360 2431 2435 juga

226 2447 516 2518 incolant,
535 2445 715 2504 fidem
742 2446 1127 2526 implorasse:
1156 2447 1531 2519 Armeniam,
1551 2448 2068 2525 Mesopotamiam,
2087 2447 2422 2527 Assyriam,

227 2539 461 2617 opimas
488 2538 777 2616 regioneS,
805 2538 1150 2617 provincias
1178 2540 1532 2600 factas—J.
1561 2540 1636 2599 Y.
1668 2539 1958 2599 SARGENT.

589 2780 773 2842 XIX.
859 2780 1161 2854 (Annon),
1204 2782 1372 2841 Rom.
1405 2782 1586 2855 Hist„
1614 2782 1733 2842 vol.
1761 2782 1826 2841 ii.
1855 2802 1915 2860 p.
1949 2778 2074 2860 70.)

350 2935 622 2996 Tertiam
669 2936 888 2995 Licinii
944 2936 1339 3015 rogationem,
1391 2956 1524 3013 quae
1565 2936 1857 3001 ,oboeratis
1910 2937 2271 3009 mederetur,
2326 2938 2426 2996 lex

230 3028 495 3108 Agraria
519 3029 696 3087 irrita
722 3029 952 3087 consilii
982 3048 1090 3105 per
1117 3048 1181 3086 se
1207 3029 1341 3107 ipsa
1365 3028 1662 3089 frustrata
1687 3034 1796 3088 est.
1864 3028 2164 3090 Nonnihil
2189 3028 2334 3089 sane
2361 3031 2429 3089 in

231 3142 303 3181 eo
329 3125 461 3179 erat
485 3120 647 3191 boni,
678 3120 857 3196 quod,
888 3120 962 3177 de
988 3119 1188 3196 capite
1216 3119 1567 3179 deducendo
1597 3121 1887 3199 quicquid
1915 3121 2115 3180 usuris
2143 3142 2424 3200 pernum-

232 3218 469 3272 eratum
521 3212 756 3283 fuisset,
802 3211 1111 3287 duplicato
1165 3231 1345 3270 onere
1400 3211 1702 3287 debitores
1760 3213 1948 3273 levati
2013 3218 2191 3273 sunt:
2263 3215 2426 3292 quod

234 3303 551 3364 solutionis
576 3304 729 3362 hora
753 3304 1009 3380 prolata,
1038 3304 1187 3361 dum
1225 3304 1457 3362 interea
1492 3305 1569 3364 ab
1609 3306 1938 3365 acerbitate
1976 3307 2183 3385 legum
2209 3306 2428 3364 ultima

237 3400 541 3456 vacarent.
646 3395 889 3469 Quibus,
920 3403 1123 3453 autem
1171 3415 1365 3473 neque
1411 3396 1545 3474 ipsa
1589 3402 1750 3456 esset
1794 3397 2065 3475 pecunia,
2109 3417 2220 3456 nec
2264 3398 2428 3456 unde

238 3493 623 3567 quaereretur,
652 3488 783 3547 dies
810 3494 1052 3546 tantum
1078 3487 1501 3561 differebatur-3
1530 3509 1726 3567 neque
1752 3489 1914 3547 enim
1941 3489 2228 3548 solvendo
2255 3494 2430 3547 erant

237 3582 333 3641 vel
384 3600 515 3658 quae
567 3579 845 3639 deductis
900 3579 1100 3637 usuris
1154 3578 1482 3638 imminuta
1533 3585 1752 3639 essent.
1858 3580 2116 3639 Potuere
2183 3580 2430 3658 quidem

240 3672 575 3751 opportuna
620 3679 907 3751 agi-orum
959 3673 1284 3749 largitione
1327 3674 1407 3731 ab
1455 3673 1757 3749 angustiis
1804 3673 2077 3750 expediri
2094 3699 2110 3732 ε
2173 3694 2246 3732 ea
2284 3692 2434 3733 vero

242 3786 427 3844 quum
453 3766 625 3824 nulla
650 3769 828 3837 esset,
855 3764 1029 3823 brevi
1056 3765 1428 3823 recrudescit
1453 3764 1698 3824 fenebre
1725 3766 1968 3824 malum.
2026 3765 2240 3844 Neque
2266 3766 2432 3825 enim

240 3860 307 3918 in
356 3858 631 3917 futurum
682 3858 817 3935 lege
864 3856 1102 3920 Licinia
1152 3863 1402 3917 cautum
1453 3862 1584 3917 est:
1653 3857 1822 3917 nullo
1873 3876 2087 3917 usuras
2127 3858 2436 3937 legitimas
2565 3883 2666 3905 ι·-
2714 3898 2718 3904 >>
