2744 4138
59 3963 148 3979 —

258 145 341 209 60
869 163 997 209 xm
1041 165 1117 211 ro
1163 165 1288 210 run
1330 137 1517 209 Lim<
1563 165 1837 212 umen„

256 329 388 370 esse
427 330 607 388 quam
646 330 755 388 pro
795 313 1022 372 mortui
1051 313 1302 385 meritis,
1345 313 1468 372 imo
1510 335 1621 393 pro
1654 313 1866 374 mortis
1896 312 2089 391 ipsius
2131 301 2451 392 dignitate.

259 403 488 481 Ingens
523 403 893 480 pullatorum
932 405 1096 478 ordo,
1127 405 1551 465 assistentibus
1590 407 1775 465 etiam
1814 405 2175 484 quibusdam
2215 407 2451 484 legatis,

259 496 366 573 qui
390 515 604 572 regum
629 514 913 569 personas
939 496 1192 556 fratrem
1219 517 1454 559 summo
1484 499 1685 556 studio
1706 498 2176 558 desiderantium
2194 501 2453 558 sustine-

259 594 433 648 rent:
477 588 763 647 feretrum
810 590 1377 666 splendidissimum,
1424 598 1710 651 coronata
1752 590 1996 668 effigies,
2046 590 2325 668 denique,
2377 611 2456 650 ne

260 680 465 738 omnia
502 680 626 757 alia¹
673 699 1129 740 commemorem
1179 700 1334 758 quae,
1376 687 1589 759 utpote
1628 681 1693 740 in
1731 701 1947 760 regum
1985 680 2298 740 funeribus
2338 682 2452 740 sol-

260 771 499 843 lemnia,
529 771 630 829 hic
658 772 826 831 nullo
867 773 1043 831 modo
1085 773 1288 833 omitti
1326 778 1626 850 poterant,
1656 793 1797 850 pars
1836 773 2000 832 haud
2035 774 2257 851 exigua
2286 793 2454 851 spec-

260 863 446 923 taculi
493 863 634 936 fuit,
679 868 754 921 ut
806 863 895 936 fit,
941 870 1116 925 vasta
1162 865 1565 942 spectantium
1617 865 1966 924 multitudo,
2079 865 2200 925 Sed
2248 875 2453 925 tamen

259 955 463 1016 nescio
490 956 784 1033 quomodo
810 961 939 1016 tota
965 977 1059 1016 res
1086 957 1175 1016 ita
1201 962 1374 1034 gesta
1400 961 1513 1031 est,
1533 962 1604 1016 ut
1628 959 1823 1017 vitam
1849 957 2012 1017 illius
2039 958 2215 1035 cujus
2242 959 2456 1017 caussa

261 1049 432 1106 fieret
479 1046 856 1125 aliquantum
893 1048 1117 1108 referre
1154 1049 1475 1122 videretur,
1504 1049 1727 1128 quippe
1766 1049 1873 1109 ubi
1915 1050 2249 1128 plurimum
2304 1054 2455 1109 stre-

262 1138 444 1216 pitus,
475 1138 801 1216 plurimum
842 1139 1161 1213 tumultus,
1196 1141 1534 1217 plurimum
1572 1141 1879 1218 impensoe‚
1909 1141 2244 1219 plurimum
2284 1160 2455 1220 mag-

262 1230 600 1303 nificentiae,
628 1230 956 1308 plurimum
996 1231 1322 1305 vanitatis3
1362 1237 1436 1290 ut
1473 1233 1660 1291 verbo
1700 1231 1913 1303 dicam,
1944 1232 2149 1290 omnia
2185 1233 2261 1290 ad
2292 1252 2458 1309 spec-

261 1320 514 1380 tandum
541 1327 902 1398 comparata,
927 1341 1042 1380 nec
1083 1327 1290 1380 tamen
1329 1323 1698 1399 spectabilia.
1780 1321 2050 1381 Tandem
2084 1321 2265 1397 (satis
2291 1323 2455 1382 enim

261 1415 447 1492 longa
489 1434 585 1473 res
629 1413 780 1471 mihi
821 1415 954 1472 visa
999 1419 1109 1486 est,
1139 1418 1220 1499 et,
1251 1413 1413 1473 sicut
1456 1414 1646 1491 ipsius
1687 1414 2081 1492 principatus,
2110 1415 2215 1492 qui
2238 1419 2456 1488 ,tamen

261 1505 464 1564 brevis
503 1505 716 1578 fuerat,
746 1506 950 1583 gravis
990 1525 1061 1564 ac
1101 1505 1386 1582 molesta)
1418 1507 1497 1564 ad
1534 1507 1717 1565 finem
1751 1507 2048 1578 perducta
2076 1511 2169 1565 est
2197 1527 2455 1585 pompa:

261 1617 376 1676 ego
398 1600 640 1657 domum
661 1619 754 1658 me
773 1599 990 1677 recepi,
1008 1598 1224 1670 fessus,
1247 1603 1308 1656 et
1327 1603 1626 1675 quantum
1650 1599 1923 1677 judicare
1950 1599 2123 1676 potui
2147 1598 2237 1657 ita
2262 1600 2467 1676 tristis,

263 1695 334 1750 ut
360 1711 536 1751 nemo
561 1693 724 1751 inter
751 1691 1291 1770 lugentes.-JOHN
1335 1691 1700 1751 CONINGTON.

1041 1911 1248 1970 XXII.
1335 1910 1681 1988 (Romus.)

381 2051 680 2132 Equidem
721 2053 885 2113 Livii
917 2053 982 2112 in
1008 2053 1262 2112 historia
1287 2051 1607 2112 scribenda
1631 2051 1893 2113 virtutes
1920 2055 2163 2112 tantum
2190 2051 2461 2112 admiror

264 2151 568 2223 quantum
603 2164 776 2203 nemo
820 2146 945 2204 fere
983 2145 1156 2217 alius,
1186 2165 1438 2223 gravem
1478 2145 1711 2205 scilicet
1750 2144 2117 2205 narrationis
2159 2150 2455 2218 tenorem,

261 2257 393 2296 rem
417 2237 509 2296 rei
535 2236 745 2315 rapide
781 2237 1223 2315 subjungentis,
1253 2256 1453 2313 neque
1492 2242 1697 2295 tamen
1737 2243 2129 2315 properanter
2165 2242 2277 2296 aut
2316 2257 2459 2297 con-

263 2330 412 2403 fuse,
458 2329 747 2407 loquendi
789 2350 1019 2389 morem
1067 2351 1304 2409 semper
1349 2331 1693 2408 pulchrum,
1736 2351 1974 2409 semper
2018 2332 2307 2405 vividum,
2355 2332 2460 2409 qui

262 2422 446 2481 efficit
471 2427 546 2480 ut
570 2442 772 2480 rerum
799 2427 1108 2499 gestarum
1135 2442 1258 2481 non
1285 2427 1412 2481 tam
1438 2423 1693 2483 lectores
1720 2443 1901 2501 quam
1928 2428 2299 2501 spectatores
2328 2443 2461 2482 esse

265 2515 592 2573 videamur.
677 2514 802 2575 Hic
847 2533 992 2573 vero
1039 2534 1163 2572 non
1200 2534 1336 2572 cum
1382 2520 1619 2573 oratore
1656 2515 1827 2574 nobis
1866 2516 2173 2593 agendum
2212 2520 2323 2589 est,
2352 2514 2461 2573 sed

264 2608 472 2685 potius
512 2627 652 2666 cum
691 2611 865 2666 teste.
949 2606 1141 2686 Cujus
1167 2607 1244 2666 ad
1270 2612 1476 2685 partes
1504 2606 1558 2667 si
1586 2607 1826 2666 Livium
1853 2627 2161 2681 vocamus,
2190 2625 2315 2667 non
2339 2606 2460 2666 nisi

267 2698 631 2757 literatorem
669 2698 963 2772 videmus,
1013 2698 1469 2771 homunculum,
1512 2704 1583 2757 ut
1630 2700 1719 2757 ita
1762 2699 1977 2773 dicam,
2022 2719 2061 2758 a
2102 2700 2353 2777 pulvere
2398 2704 2461 2758 et

264 2792 453 2863 libris,
494 2792 586 2850 rei
625 2791 907 2850 militaris
954 2812 1173 2870 parum
1215 2792 1500 2869 peritum,
1546 2793 1949 2871 geographiae,
1991 2812 2175 2870 quam
2213 2797 2458 2881 uocant,

264 2884 652 2956 incuriosum,
673 2886 752 2943 ab
770 2885 1147 2962 expeditione
1169 2884 1429 2962 denique
1450 2883 1811 2944 Hannibalis
1838 2887 2133 2943 remotum
2161 2904 2464 2943 annorum

267 2977 667 3035 ducentorum
705 2978 1044 3037 intervallO.
1127 2978 1167 3037 J
1169 2998 1266 3036 am
1307 2996 1454 3036 vero
1489 2978 1556 3035 in
1598 2983 1730 3038 toto
1777 2978 1909 3056 ejus
1948 2998 2129 3056 opere
2167 2996 2463 3055 agnoscas

267 3069 475 3146 potius
499 3069 814 3146 ingenium
841 3068 1108 3146 pictoris,
1133 3069 1332 3128 animo
1353 3068 1709 3127 oblectando
1726 3069 2045 3141 studentis,
2070 3088 2253 3146 quam
2279 3069 2463 3127 fidem

260 3158 678 3239 judiciumque
702 3160 1048 3229 narratori8‚
1067 3161 1218 3219 viris
1234 3160 1772 3240 perspicacioribus
1794 3160 2219 3219 satisfaciendo
2238 3159 2461 3220 idonei.

269 3251 503 3330 Nempe
543 3270 678 3327 quoe
717 3251 792 3310 de
847 3250 1192 3308 Hannibale
1244 3251 1555 3310 fabulatur
1608 3250 1820 3309 Livius
1873 3250 2074 3309 Deum
2120 3250 2187 3308 in
2236 3251 2464 3310 somnis

269 3344 533 3416 vidente,
552 3348 788 3403 montes
808 3342 1023 3401 ceteris
1048 3343 1385 3403 inaccessos
1402 3346 1746 3420 superante,
1764 3362 1946 3420 rupes
1972 3349 2143 3402 aceto
2172 3344 2463 3415 solvente,

269 3437 429 3495 sicut
480 3454 793 3513 nunquam
849 3435 925 3493 ad
967 3453 1283 3494 censuram
1323 3440 1585 3507 revocat,
1636 3434 1727 3493 ita
1770 3454 1849 3493 ne
1890 3441 2173 3512 suspecta
2215 3434 2466 3512 quidem

269 3528 472 3588 habet.
556 3527 786 3606 Legere
827 3526 1106 3587 videmur
1147 3526 1486 3585 Homerum
1536 3526 1794 3585 Achillis
1846 3526 2013 3587 facta
2054 3532 2457 3586 enarrantem.

273 3618 504 3679 Contra
553 3618 879 3697 Polybium
933 3618 1352 3677 evolventibus
1406 3619 1670 3677 occurrit
1722 3618 1878 3676 nihil
1932 3617 2049 3677 nisi
2096 3619 2455 3697 simplicitas

272 3711 537 3771 incomta
573 3717 636 3770 et
669 3710 834 3769 nuda
870 3710 1112 3769 veritas.
1198 3708 1314 3768 Oui
1353 3728 1494 3767 cum
1534 3710 1723 3769 fuerit
1756 3710 1912 3769 mira
1950 3714 2115 3769 recte
2142 3711 2465 3788 judicandi

273 3804 546 3879 facultas,
573 3806 645 3861 ut
670 3802 902 3861 homini
926 3801 1032 3865 illa
1057 3806 1253 3875 aetate,
1281 3798 1388 3859 illa
1413 3800 1611 3880 patria
1637 3806 1801 3877 nato,
1820 3806 1900 3871 et,
1924 3801 2087 3878 quod
2112 3802 2250 3879 plus
2276 3802 2462 3871 etiam
