2744 4138
308 145 391 207 70
925 161 1051 206 xm
1098 161 1173 206 ro
1219 159 1342 204 rm:
1387 159 1571 204 urm
1619 159 1893 205 mnu..
2030 123 2068 227 β

303 311 634 386 imperator
671 311 859 380 venit,
900 329 1041 368 cum
1081 315 1243 368 esset
1282 306 1480 367 Roma
1524 308 1836 387 profectus
1872 307 1962 365 rei
2000 305 2277 397 militaris
2310 307 2512 368 rudis.

304 401 540 460 Habuit
594 401 757 460 enim
811 401 1077 462 divinam
1133 402 1458 478 quamdam
1513 401 1864 460 memoriam
1915 420 2138 471 rerum,
2183 399 2518 459 verborum

306 495 594 572 majorem
623 491 1006 553 Hortensius,
1056 492 1197 563 Sed,
1217 512 1337 570 quo
1357 494 1498 570 plus
1517 495 1584 551 in
1600 492 1862 570 negotiis
1883 491 2166 571 gerendis
2186 511 2300 563 res,
2320 512 2518 569 quam

304 586 492 646 verba
517 590 793 662 prosunt,
822 585 939 643 hoc
965 589 1097 643 erat
1125 584 1418 644 memoria
1442 585 1550 642 illa
1574 583 1990 661 praestantior3
2033 603 2216 659 quam
2235 583 2425 643 fuisse
2441 584 2520 643 in

308 675 726 748 Themistocle,
757 696 937 753 quem
960 676 1134 734 facile
1166 675 1416 735 Graeciae
1443 674 1774 753 principem
1801 675 2102 752 ponimus,
2134 676 2516 752 singularem

305 769 528 828 ferunt.
613 768 733 842 Qui
759 769 1005 846 quidem
1032 767 1344 845 pollicenti
1372 768 1611 827 cuidam
1639 786 1704 826 se
1730 767 1925 825 artem
1952 767 2010 825 ei
2039 767 2352 840 memoriae‚
2374 786 2518 845 quoe

305 869 439 921 tum
475 862 742 938 primum
782 860 1221 938 proferebatur,
1250 859 1640 930 traditurum,
1670 859 2052 935 respondisse
2080 859 2326 931 dicitur,
2355 860 2514 918 obli-

306 952 461 1012 visci
501 972 566 1011 se
606 951 783 1010 malle
825 953 1093 1010 discere:
1139 953 1337 1024 credo,
1369 952 1534 1028 quod
1577 950 1885 1009 haerebant
1920 950 1986 1008 in
2020 951 2310 1010 memoria
2349 971 2515 1030 quoe-

306 1065 565 1123 cumque
592 1045 865 1104 audierat
889 1045 983 1103 vel
1012 1043 1478 1104 viderat—CIc.
1509 1043 1692 1102 Aoad.
1719 1043 1781 1102 ii.
1815 1043 1868 1102 1.

1358 1269 1473 1329 VI.

432 1413 723 1471 Potestne
738 1431 946 1471 earum
962 1432 1188 1484 rerum,
1210 1431 1341 1489 quae
1362 1411 1516 1470 nihil
1542 1411 1771 1470 habent
1796 1411 2051 1471 rationis
2079 1432 2264 1490 quare
2291 1413 2520 1474 futurae

310 1505 452 1578 sint,
482 1506 611 1563 ulla
636 1524 766 1563 esse
793 1504 1115 1582 praesensio
1142 1503 1170 1562 P
1215 1504 1378 1578 Quid
1405 1509 1500 1563 est
1517 1504 1680 1562 enim
1699 1503 1866 1562 aliud
1890 1503 2035 1576 fors,
2066 1506 2212 1582 quid
2239 1506 2515 1580 fortuna,

310 1598 457 1675 quid
496 1617 689 1669 casae,
718 1597 868 1674 quid
896 1602 1169 1671 eventus,
1199 1597 1318 1655 nisi
1344 1616 1484 1655 cum
1511 1596 1600 1655 sic
1625 1596 1860 1674 aliquid
1886 1598 2109 1670 evenit,
2138 1602 2210 1656 ut
2247 1601 2350 1658 vel
2387 1621 2519 1660 non

309 1691 568 1764 evenire,
598 1690 697 1749 vel
736 1691 911 1749 aliter
950 1690 1207 1763 evenire,
1237 1687 1560 1767 potuerit?
1646 1688 1782 1762 Quo
1821 1691 2004 1749 modo
2044 1710 2190 1769 ergo
2230 1692 2316 1764 id,
2343 1694 2518 1770 quod

308 1788 530 1842 temere
556 1783 628 1841 fit
654 1801 812 1840 caeco
841 1801 989 1841 casu
1008 1786 1072 1841 et
1101 1782 1481 1840 volubilitate
1507 1782 1786 1852 fortunae,
1810 1783 2150 1858 praesentiri
2177 1788 2239 1842 et
2263 1785 2518 1861 praedici

309 1872 558 1951 potest?
666 1873 941 1932 Medicus
993 1874 1271 1931 morbum
1335 1873 1862 1950 ingravescentem
1926 1873 2160 1933 ratione
2212 1875 2518 1980 providet,

311 1965 561 2023 insidias
604 1965 951 2044 imperator,
998 1967 1393 2040 tempestates
1441 1964 1846 2040 gubernator.
1907 1968 1970 2020 et
2023 1967 2229 2022 tamen
2280 1965 2351 2024 hi
2392 1966 2517 2045 ipsi

313 2081 471 2139 saepe
510 2059 829 2132 falluntur,
862 2059 969 2135 qui
995 2056 1147 2115 nihil
1176 2058 1306 2116 sine
1333 2056 1501 2117 certa
1527 2057 1762 2116 ratione
1792 2057 2135 2163 provident.
2220 2058 2310 2118 Ut
2351 2060 2515 2139 agri-

311 2154 459 2225 cola,
503 2172 645 2211 cum
683 2151 893 2210 florem
934 2152 1076 2209 oleae
1116 2150 1305 2223 videt,
1347 2151 1560 2209 bacam
1602 2170 1838 2226 quoque
1880 2170 1943 2208 se
1979 2151 2254 2209 visurum
2296 2156 2518 2229 putat3

311 2264 435 2301 non
479 2242 610 2302 sine
652 2243 888 2301 ratione
927 2242 1031 2300 ille
1073 2242 1360 2319 quidem3
1403 2241 1511 2301 sed
1548 2261 1988 2319 nonnunquam
2023 2247 2230 2302 tamen
2255 2242 2513 2305 fallitur.

316 2335 490 2411 Quod
518 2336 570 2395 si
601 2336 895 2394 falluntur
922 2333 968 2391 ii
995 2334 1102 2411 qui
1128 2334 1283 2393 nihil
1310 2335 1443 2394 sine
1478 2332 1684 2412 aliqua
1716 2335 2016 2412 probabili
2056 2336 2405 2413 conjectura
2442 2357 2516 2396 ac

311 2429 544 2487 ratione
584 2427 813 2499 dicunt,
844 2426 991 2503 quid
1030 2426 1504 2485 existimandum
1542 2432 1640 2484 est
1668 2426 1742 2485 de
1770 2425 2122 2504 conjectura
2147 2448 2376 2497 eorum,
2408 2430 2516 2506 qui

312 2522 487 2594 extis,
518 2525 628 2580 aut
666 2520 899 2590 avibus,
941 2522 1049 2576 aut
1088 2519 1359 2592 ostentis,
1406 2524 1515 2577 aut
1553 2518 1828 2589 oraculis,
1858 2523 1968 2577 aut
2009 2520 2274 2592 somniis,
2304 2520 2518 2581 futura

312 2614 710 2691 praesentiunt
728 2610 757 2669 P
839 2610 1129 2670 Nondum
1172 2610 1325 2683 dice,
1358 2630 1543 2688 quam
1571 2611 1698 2669 haec
1727 2610 1903 2687 signa
1938 2612 2106 2670 nulla
2133 2612 2274 2685 sint,
2305 2614 2516 2673 fissum

304 2706 544 2782 jecoris,
576 2704 745 2762 corvi
772 2709 1005 2775 cantus,
1034 2704 1273 2763 volatus
1300 2703 1535 2779 aquilea,
1565 2703 1754 2761 stellae
1779 2704 2075 2780 trajectiO,
2105 2723 2283 2764 voces
2311 2708 2513 2767 furen-

311 2798 489 2869 tium,
520 2802 731 2868 sortes,
776 2796 1041 2867 somnia3
1082 2795 1158 2853 de
1199 2794 1422 2871 quibus
1464 2794 1720 2873 singulis
1760 2794 1954 2853 dicam
1995 2814 2107 2853 suo
2147 2795 2312 2869 loco;
2353 2819 2516 2857 nunc

314 2889 390 2946 de
421 2887 736 2946 universis.

434 2980 642 3056 Atque
682 2998 797 3055 ego
837 2997 915 3036 ne
953 2978 1173 3035 utilem
1212 2976 1461 3054 quidem
1497 2977 1764 3036 arbitror
1795 2996 1924 3035 esse
1960 2978 2136 3038 nobis
2170 2978 2514 3041 futurarum

314 3091 519 3131 rerum
546 3070 879 3129 scientiam.
966 3069 1113 3143 Quae
1153 3069 1318 3128 enim
1361 3070 1492 3127 vita
1522 3068 1736 3127 fuisset
1781 3070 2041 3144 Priamo,
2073 3072 2126 3129 si
2165 3073 2243 3131 ab
2286 3073 2514 3134 adoles-

315 3160 516 3223 centia
543 3162 773 3232 scisset,
791 3179 941 3237 quos
967 3164 1225 3218 eventus
1253 3159 1588 3218 senectutis
1604 3164 1762 3219 esset
1781 3159 2100 3221 habiturus
2125 3160 2154 3221 P
2211 3163 2514 3223 Abeamus

320 3276 359 3314 a
387 3253 645 3325 fabulis;
687 3251 971 3329 propiora
996 3251 1324 3311 videamus.
1412 3251 1901 3311 Clarissimorum
1943 3253 2256 3313 hominum
2293 3264 2518 3316 nostroe

316 3348 587 3408 civitatis
628 3346 1018 3424 gravissimos
1045 3345 1246 3404 exitus
1270 3346 1339 3403 in
1370 3349 1386 3376 ‘
1411 3344 1833 3405 Consolatione
1856 3345 1870 3370 ’
1899 3347 2269 3423 collegimus.
2352 3349 2516 3424 Quid

316 3440 511 3516 igitur
532 3439 561 3497 P
606 3443 681 3497 ut
722 3436 1074 3495 omittamus
1113 3436 1490 3514 superiores;
1533 3435 1820 3495 Marcone
1868 3437 2089 3497 Crasso
2135 3444 2321 3518 putas
2363 3442 2517 3500 utile

318 3531 522 3604 fuisse,
552 3536 704 3603 tum,
734 3548 874 3587 cum
913 3528 1191 3587 maximis
1218 3528 1434 3605 opibus
1460 3528 1844 3605 fortunisque
1869 3529 2145 3604 florebat,
2176 3533 2348 3606 scire,
2381 3535 2515 3604 sibi,
2541 3584 2544 3589 .

317 3624 641 3682 interfecto
722 3621 865 3693 filio,
935 3620 1323 3697 exercituque
1403 3620 1617 3691 deleto,
1688 3627 1858 3679 trans
1927 3622 2308 3700 Euphratem
2377 3646 2518 3685 cum

318 3712 652 3792 ignominia
704 3717 769 3771 et
811 3714 1104 3771 dedecore
1147 3729 1278 3770 esse
1319 3710 1746 3790 pereundum?
1847 3711 1951 3770 An
2002 3714 2114 3774 Cn.
2159 3716 2518 3795 Pompeium

318 3826 547 3877 censes,
595 3806 793 3864 tribus
840 3806 967 3865 suis
1010 3803 1446 3881 consulatibus,
1487 3805 1686 3865 tribus
1729 3804 2075 3884 triumphis,
2119 3809 2518 3869 maximarum
