<?xml version="1.0" encoding="UTF-8"?>
<!DOCTYPE html PUBLIC "-//W3C//DTD XHTML 1.0 Transitional//EN"
    "http://www.w3.org/TR/xhtml1/DTD/xhtml1-transitional.dtd">
<html xmlns="http://www.w3.org/1999/xhtml" xml:lang="en" lang="en">
 <head>
  <title>
</title>
<meta http-equiv="Content-Type" content="text/html;charset=utf-8" />
  <meta name='ocr-system' content='tesseract 3.04.00' />
  <meta name='ocr-capabilities' content='ocr_page ocr_carea ocr_par ocr_line ocrx_word'/>
</head>
<body>
  <div class='ocr_page' id='page_1' title='image "./akeytomanuallat00wilkgoog_0034.png"; bbox 0 0 2744 4138; ppageno 0'>
   <div class='ocr_carea' id='block_1_1' title="bbox 1251 163 2482 236">
    <p class='ocr_par' dir='ltr' id='par_1_1' title="bbox 1251 163 2482 236">
     <span class='ocr_line' id='line_1_1' title="bbox 1251 163 2482 236; baseline -0.005 0"><span class='ocrx_word' id='word_1_1' title='bbox 1251 181 1415 236; x_wconf 67' lang='lat' dir='ltr'><strong>mm·</strong></span> <span class='ocrx_word' id='word_1_2' title='bbox 1458 181 1507 235; x_wconf 80' lang='lat'><strong>1.</strong></span> <span class='ocrx_word' id='word_1_3' title='bbox 2380 163 2482 231; x_wconf 77' lang='lat'><strong>&#39;23</strong></span> 
     </span>
    </p>
   </div>
   <div class='ocr_carea' id='block_1_2' title="bbox 273 333 2484 601">
    <p class='ocr_par' dir='ltr' id='par_1_2' title="bbox 273 333 2484 601">
     <span class='ocr_line' id='line_1_2' title="bbox 273 333 2484 419; baseline -0.003 -18"><span class='ocrx_word' id='word_1_4' title='bbox 273 333 530 419; x_wconf 63' lang='lat' dir='ltr'><strong>partem</strong></span> <span class='ocrx_word' id='word_1_5' title='bbox 568 339 654 400; x_wconf 90' lang='lat' dir='ltr'><strong>ibi</strong></span> <span class='ocrx_word' id='word_1_6' title='bbox 693 339 1097 412; x_wconf 81' lang='lat' dir='ltr'><strong>confecerunt,</strong></span> <span class='ocrx_word' id='word_1_7' title='bbox 1137 341 1219 412; x_wconf 88' lang='lat' dir='ltr'><strong>et,</strong></span> <span class='ocrx_word' id='word_1_8' title='bbox 1252 339 1391 399; x_wconf 85' lang='lat' dir='ltr'><strong>luce</strong></span> <span class='ocrx_word' id='word_1_9' title='bbox 1428 333 1643 417; x_wconf 66' lang='lat' dir='ltr'><strong>prima,</strong></span> <span class='ocrx_word' id='word_1_10' title='bbox 1684 335 1886 396; x_wconf 84' lang='lat' dir='ltr'><strong>missis</strong></span> <span class='ocrx_word' id='word_1_11' title='bbox 1922 335 2001 396; x_wconf 90' lang='lat' dir='ltr'><strong>ad</strong></span> <span class='ocrx_word' id='word_1_12' title='bbox 2040 351 2144 396; x_wconf 87' lang='lat' dir='ltr'><strong>eos</strong></span> <span class='ocrx_word' id='word_1_13' title='bbox 2182 352 2221 394; x_wconf 94' lang='lat' dir='ltr'><strong>a</strong></span> <span class='ocrx_word' id='word_1_14' title='bbox 2263 333 2484 396; x_wconf 85' lang='lat' dir='ltr'><strong>Crasso</strong></span> 
     </span>
     <span class='ocr_line' id='line_1_3' title="bbox 283 426 2482 510; baseline -0.003 -19"><span class='ocrx_word' id='word_1_15' title='bbox 283 433 613 510; x_wconf 80' lang='lat' dir='ltr'><strong>equitibus,</strong></span> <span class='ocrx_word' id='word_1_16' title='bbox 657 452 722 493; x_wconf 86' lang='lat' dir='ltr'><strong>se</strong></span> <span class='ocrx_word' id='word_1_17' title='bbox 775 431 1194 504; x_wconf 85' lang='lat' dir='ltr'><strong>defenderunt,</strong></span> <span class='ocrx_word' id='word_1_18' title='bbox 1235 437 1314 504; x_wconf 91' lang='lat' dir='ltr'><strong>et,</strong></span> <span class='ocrx_word' id='word_1_19' title='bbox 1357 429 1667 489; x_wconf 79' lang='lat' dir='ltr'>nonnullis</span> <span class='ocrx_word' id='word_1_20' title='bbox 1719 449 1929 488; x_wconf 89' lang='lat' dir='ltr'><strong>eorum</strong></span> <span class='ocrx_word' id='word_1_21' title='bbox 1983 427 2335 501; x_wconf 81' lang='lat' dir='ltr'><strong>interfectis,</strong></span> <span class='ocrx_word' id='word_1_22' title='bbox 2390 426 2482 486; x_wconf 88' lang='lat' dir='ltr'><strong>in-</strong></span> 
     </span>
     <span class='ocr_line' id='line_1_4' title="bbox 279 520 2483 601; baseline -0.003 -17"><span class='ocrx_word' id='word_1_23' title='bbox 279 525 554 586; x_wconf 83' lang='lat' dir='ltr'><strong>columes</strong></span> <span class='ocrx_word' id='word_1_24' title='bbox 581 525 660 585; x_wconf 84' lang='lat' dir='ltr'><strong>ad</strong></span> <span class='ocrx_word' id='word_1_25' title='bbox 685 528 922 584; x_wconf 85' lang='lat' dir='ltr'><strong>nostros</strong></span> <span class='ocrx_word' id='word_1_26' title='bbox 950 543 1078 583; x_wconf 86' lang='lat' dir='ltr'><strong>sese</strong></span> <span class='ocrx_word' id='word_1_27' title='bbox 1102 521 1788 601; x_wconf 61' lang='lat' dir='ltr'><strong>receperunt—Omns,</strong></span> <span class='ocrx_word' id='word_1_28' title='bbox 1818 523 1887 580; x_wconf 80' lang='lat' dir='ltr'><strong>de</strong></span> <span class='ocrx_word' id='word_1_29' title='bbox 1912 521 2077 580; x_wconf 83' lang='lat' dir='ltr'><strong>Bello</strong></span> <span class='ocrx_word' id='word_1_30' title='bbox 2110 520 2234 581; x_wconf 78' lang='lat' dir='ltr'><strong>Oiv.</strong></span> <span class='ocrx_word' id='word_1_31' title='bbox 2264 534 2353 580; x_wconf 89' lang='lat'>111.</span> <span class='ocrx_word' id='word_1_32' title='bbox 2384 520 2483 580; x_wconf 85' lang='lat'><strong>28.</strong></span> 
     </span>
    </p>
   </div>
   <div class='ocr_carea' id='block_1_3' title="bbox 1263 791 1533 852">
    <p class='ocr_par' dir='ltr' id='par_1_3' title="bbox 1263 791 1533 852">
     <span class='ocr_line' id='line_1_5' title="bbox 1263 791 1533 852; baseline 0 0"><span class='ocrx_word' id='word_1_33' title='bbox 1263 791 1533 852; x_wconf 87' lang='lat' dir='ltr'>XXXV.</span> 
     </span>
    </p>
   </div>
   <div class='ocr_carea' id='block_1_4' title="bbox 277 945 2487 2135">
    <p class='ocr_par' dir='ltr' id='par_1_4' title="bbox 277 945 2487 2135">
     <span class='ocr_line' id='line_1_6' title="bbox 401 945 2479 1028; baseline -0.001 -16"><span class='ocrx_word' id='word_1_34' title='bbox 401 950 606 1013; x_wconf 77' lang='lat' dir='ltr'><strong>,Vetus</strong></span> <span class='ocrx_word' id='word_1_35' title='bbox 631 950 789 1011; x_wconf 89' lang='lat' dir='ltr'><strong>illud</strong></span> <span class='ocrx_word' id='word_1_36' title='bbox 816 945 1066 1012; x_wconf 78' lang='lat' dir='ltr'><strong>Catonis</strong></span> <span class='ocrx_word' id='word_1_37' title='bbox 1091 951 1422 1010; x_wconf 80' lang='lat' dir='ltr'><strong>admodum</strong></span> <span class='ocrx_word' id='word_1_38' title='bbox 1442 950 1666 1010; x_wconf 89' lang='lat' dir='ltr'><strong>scitum</strong></span> <span class='ocrx_word' id='word_1_39' title='bbox 1684 953 1794 1022; x_wconf 88' lang='lat' dir='ltr'><strong>est,</strong></span> <span class='ocrx_word' id='word_1_40' title='bbox 1817 949 1925 1028; x_wconf 89' lang='lat' dir='ltr'><strong>qui</strong></span> <span class='ocrx_word' id='word_1_41' title='bbox 1945 949 2153 1009; x_wconf 87' lang='lat' dir='ltr'><strong>mirari</strong></span> <span class='ocrx_word' id='word_1_42' title='bbox 2180 969 2244 1010; x_wconf 87' lang='lat' dir='ltr'><strong>se</strong></span> <span class='ocrx_word' id='word_1_43' title='bbox 2264 949 2479 1020; x_wconf 88' lang='lat' dir='ltr'><strong>aiebat,</strong></span> 
     </span>
     <span class='ocr_line' id='line_1_7' title="bbox 285 1041 2483 1121; baseline 0 -20"><span class='ocrx_word' id='word_1_44' title='bbox 285 1043 454 1120; x_wconf 90' lang='lat' dir='ltr'><strong>quod</strong></span> <span class='ocrx_word' id='word_1_45' title='bbox 493 1063 616 1103; x_wconf 89' lang='lat' dir='ltr'><strong>non</strong></span> <span class='ocrx_word' id='word_1_46' title='bbox 655 1044 881 1103; x_wconf 87' lang='lat' dir='ltr'><strong>rideret</strong></span> <span class='ocrx_word' id='word_1_47' title='bbox 933 1044 1256 1121; x_wconf 81' lang='lat' dir='ltr'><strong>haruspex,</strong></span> <span class='ocrx_word' id='word_1_48' title='bbox 1295 1043 1676 1121; x_wconf 76' lang='lat' dir='ltr'><strong>haruspicem</strong></span> <span class='ocrx_word' id='word_1_49' title='bbox 1730 1063 1869 1102; x_wconf 90' lang='lat' dir='ltr'><strong>cum</strong></span> <span class='ocrx_word' id='word_1_50' title='bbox 1922 1043 2195 1103; x_wconf 82' lang='lat' dir='ltr'><strong>vidisset.</strong></span> <span class='ocrx_word' id='word_1_51' title='bbox 2280 1041 2483 1116; x_wconf 83' lang='lat' dir='ltr'><strong>Quota</strong></span> 
     </span>
     <span class='ocr_line' id='line_1_8' title="bbox 287 1133 2484 1214; baseline -0.002 -18"><span class='ocrx_word' id='word_1_52' title='bbox 287 1135 455 1196; x_wconf 82' lang='lat' dir='ltr'><strong>enim</strong></span> <span class='ocrx_word' id='word_1_53' title='bbox 493 1154 742 1213; x_wconf 83' lang='lat' dir='ltr'><strong>quaeque</strong></span> <span class='ocrx_word' id='word_1_54' title='bbox 781 1155 878 1194; x_wconf 87' lang='lat' dir='ltr'><strong>res</strong></span> <span class='ocrx_word' id='word_1_55' title='bbox 917 1135 1119 1200; x_wconf 84' lang='lat' dir='ltr'><strong>evenit</strong></span> <span class='ocrx_word' id='word_1_56' title='bbox 1158 1135 1450 1214; x_wconf 71' lang='lat' dir='ltr'><strong>praedicta</strong></span> <span class='ocrx_word' id='word_1_57' title='bbox 1484 1135 1561 1194; x_wconf 90' lang='lat' dir='ltr'><strong>ab</strong></span> <span class='ocrx_word' id='word_1_58' title='bbox 1589 1133 1723 1194; x_wconf 88' lang='lat' dir='ltr'><strong>istis</strong></span> <span class='ocrx_word' id='word_1_59' title='bbox 1744 1134 1773 1194; x_wconf 99' lang='lat' dir='ltr'>P</span> <span class='ocrx_word' id='word_1_60' title='bbox 1815 1139 1943 1207; x_wconf 88' lang='lat' dir='ltr'><strong>aut,</strong></span> <span class='ocrx_word' id='word_1_61' title='bbox 1975 1135 2027 1195; x_wconf 89' lang='lat' dir='ltr'><strong>si</strong></span> <span class='ocrx_word' id='word_1_62' title='bbox 2064 1135 2269 1194; x_wconf 87' lang='lat' dir='ltr'><strong>evenit</strong></span> <span class='ocrx_word' id='word_1_63' title='bbox 2308 1134 2484 1213; x_wconf 87' lang='lat' dir='ltr'><strong>quid-</strong></span> 
     </span>
     <span class='ocr_line' id='line_1_9' title="bbox 286 1225 2483 1307; baseline -0 -21"><span class='ocrx_word' id='word_1_64' title='bbox 286 1227 473 1306; x_wconf 82' lang='lat' dir='ltr'><strong>piam,</strong></span> <span class='ocrx_word' id='word_1_65' title='bbox 503 1229 650 1305; x_wconf 90' lang='lat' dir='ltr'><strong>quid</strong></span> <span class='ocrx_word' id='word_1_66' title='bbox 671 1228 874 1286; x_wconf 87' lang='lat' dir='ltr'><strong>afferri</strong></span> <span class='ocrx_word' id='word_1_67' title='bbox 900 1232 1120 1307; x_wconf 86' lang='lat' dir='ltr'><strong>potest,</strong></span> <span class='ocrx_word' id='word_1_68' title='bbox 1140 1248 1250 1286; x_wconf 90' lang='lat' dir='ltr'><strong>cur</strong></span> <span class='ocrx_word' id='word_1_69' title='bbox 1273 1247 1401 1286; x_wconf 88' lang='lat' dir='ltr'><strong>non</strong></span> <span class='ocrx_word' id='word_1_70' title='bbox 1428 1247 1573 1287; x_wconf 81' lang='lat' dir='ltr'><strong>casu</strong></span> <span class='ocrx_word' id='word_1_71' title='bbox 1600 1227 1666 1286; x_wconf 91' lang='lat' dir='ltr'><strong>id</strong></span> <span class='ocrx_word' id='word_1_72' title='bbox 1692 1228 1962 1286; x_wconf 85' lang='lat' dir='ltr'><strong>evenerit</strong></span> <span class='ocrx_word' id='word_1_73' title='bbox 1982 1225 2011 1285; x_wconf 99' lang='lat' dir='ltr'>P</span> <span class='ocrx_word' id='word_1_74' title='bbox 2054 1228 2190 1287; x_wconf 84' lang='lat' dir='ltr'><strong>Rex</strong></span> <span class='ocrx_word' id='word_1_75' title='bbox 2216 1227 2483 1298; x_wconf 84' lang='lat' dir='ltr'><strong>Prusias,</strong></span> 
     </span>
     <span class='ocr_line' id='line_1_10' title="bbox 288 1318 2485 1397; baseline -0.002 -19"><span class='ocrx_word' id='word_1_76' title='bbox 288 1339 433 1378; x_wconf 87' lang='lat' dir='ltr'><strong>cum</strong></span> <span class='ocrx_word' id='word_1_77' title='bbox 460 1319 793 1386; x_wconf 77' lang='lat' dir='ltr'><strong>Hannibali</strong></span> <span class='ocrx_word' id='word_1_78' title='bbox 818 1319 980 1397; x_wconf 84' lang='lat' dir='ltr'><strong>apud</strong></span> <span class='ocrx_word' id='word_1_79' title='bbox 1012 1339 1153 1378; x_wconf 87' lang='lat' dir='ltr'><strong>eum</strong></span> <span class='ocrx_word' id='word_1_80' title='bbox 1193 1319 1498 1378; x_wconf 77' lang='lat' dir='ltr'><strong>exsulanti</strong></span> <span class='ocrx_word' id='word_1_81' title='bbox 1523 1318 1863 1396; x_wconf 75' lang='lat' dir='ltr'><strong>depugnari</strong></span> <span class='ocrx_word' id='word_1_82' title='bbox 1902 1319 2187 1397; x_wconf 88' lang='lat' dir='ltr'><strong>placeret,</strong></span> <span class='ocrx_word' id='word_1_83' title='bbox 2217 1319 2485 1397; x_wconf 87' lang='lat' dir='ltr'><strong>negabat</strong></span> 
     </span>
     <span class='ocr_line' id='line_1_11' title="bbox 288 1410 2485 1489; baseline -0 -20"><span class='ocrx_word' id='word_1_84' title='bbox 288 1430 358 1469; x_wconf 85' lang='lat' dir='ltr'><strong>se</strong></span> <span class='ocrx_word' id='word_1_85' title='bbox 396 1411 636 1485; x_wconf 87' lang='lat' dir='ltr'><strong>audere,</strong></span> <span class='ocrx_word' id='word_1_86' title='bbox 680 1412 842 1489; x_wconf 89' lang='lat' dir='ltr'><strong>quod</strong></span> <span class='ocrx_word' id='word_1_87' title='bbox 881 1417 1023 1469; x_wconf 84' lang='lat' dir='ltr'><strong>exta</strong></span> <span class='ocrx_word' id='word_1_88' title='bbox 1060 1411 1469 1489; x_wconf 87' lang='lat' dir='ltr'><strong>prohiberent.</strong></span> <span class='ocrx_word' id='word_1_89' title='bbox 1555 1415 1571 1442; x_wconf 92' lang='lat'>‘</span> <span class='ocrx_word' id='word_1_90' title='bbox 1586 1410 1688 1468; x_wconf 90' lang='lat' dir='ltr'><strong>An</strong></span> <span class='ocrx_word' id='word_1_91' title='bbox 1728 1412 1834 1481; x_wconf 89' lang='lat' dir='ltr'><strong>tu,’</strong></span> <span class='ocrx_word' id='word_1_92' title='bbox 1862 1410 2080 1488; x_wconf 89' lang='lat' dir='ltr'><strong>inquit,</strong></span> <span class='ocrx_word' id='word_1_93' title='bbox 2109 1414 2125 1442; x_wconf 91' lang='lat'>‘</span> <span class='ocrx_word' id='word_1_94' title='bbox 2145 1411 2485 1470; x_wconf 82' lang='lat' dir='ltr'><strong>carunculoe</strong></span> 
     </span>
     <span class='ocr_line' id='line_1_12' title="bbox 289 1501 2483 1580; baseline -0.001 -18"><span class='ocrx_word' id='word_1_95' title='bbox 289 1503 564 1562; x_wconf 72' lang='lat' dir='ltr'><strong>vitulinae</strong></span> <span class='ocrx_word' id='word_1_96' title='bbox 591 1504 801 1577; x_wconf 87' lang='lat' dir='ltr'><strong>mavis,</strong></span> <span class='ocrx_word' id='word_1_97' title='bbox 829 1522 1014 1580; x_wconf 82' lang='lat' dir='ltr'><strong>quam</strong></span> <span class='ocrx_word' id='word_1_98' title='bbox 1053 1503 1405 1580; x_wconf 75' lang='lat' dir='ltr'><strong>imperatori</strong></span> <span class='ocrx_word' id='word_1_99' title='bbox 1429 1503 1639 1574; x_wconf 83' lang='lat' dir='ltr'><strong>veteri,</strong></span> <span class='ocrx_word' id='word_1_100' title='bbox 1668 1503 1914 1562; x_wconf 88' lang='lat' dir='ltr'><strong>credere</strong></span> <span class='ocrx_word' id='word_1_101' title='bbox 1941 1502 1969 1562; x_wconf 90' lang='lat' dir='ltr'>P</span> <span class='ocrx_word' id='word_1_102' title='bbox 1993 1503 2007 1527; x_wconf 91' lang='lat'>’</span> <span class='ocrx_word' id='word_1_103' title='bbox 2034 1552 2038 1556; x_wconf 94' lang='lat'>.</span> <span class='ocrx_word' id='word_1_104' title='bbox 2091 1502 2256 1577; x_wconf 82' lang='lat' dir='ltr'><strong>Quid</strong></span> <span class='ocrx_word' id='word_1_105' title='bbox 2282 1501 2310 1561; x_wconf 88' lang='lat' dir='ltr'>P</span> <span class='ocrx_word' id='word_1_106' title='bbox 2352 1503 2483 1580; x_wconf 88' lang='lat' dir='ltr'><strong>ipse</strong></span> 
     </span>
     <span class='ocr_line' id='line_1_13' title="bbox 292 1587 2487 1674; baseline -0.001 -18"><span class='ocrx_word' id='word_1_107' title='bbox 292 1595 514 1670; x_wconf 86' lang='lat' dir='ltr'><strong>Caesar,</strong></span> <span class='ocrx_word' id='word_1_108' title='bbox 541 1617 681 1656; x_wconf 89' lang='lat' dir='ltr'><strong>cum</strong></span> <span class='ocrx_word' id='word_1_109' title='bbox 716 1616 755 1655; x_wconf 99' lang='lat' dir='ltr'><strong>a</strong></span> <span class='ocrx_word' id='word_1_110' title='bbox 789 1615 1027 1656; x_wconf 89' lang='lat' dir='ltr'><strong>summo</strong></span> <span class='ocrx_word' id='word_1_111' title='bbox 1066 1595 1385 1674; x_wconf 77' lang='lat' dir='ltr'><strong>haruspice</strong></span> <span class='ocrx_word' id='word_1_112' title='bbox 1423 1587 1784 1667; x_wconf 88' lang='lat' dir='ltr'><strong>moneretur,</strong></span> <span class='ocrx_word' id='word_1_113' title='bbox 1814 1616 1892 1656; x_wconf 86' lang='lat' dir='ltr'><strong>ne</strong></span> <span class='ocrx_word' id='word_1_114' title='bbox 1929 1596 1995 1653; x_wconf 91' lang='lat' dir='ltr'><strong>in</strong></span> <span class='ocrx_word' id='word_1_115' title='bbox 2031 1594 2302 1654; x_wconf 84' lang='lat' dir='ltr'><strong>Africam</strong></span> <span class='ocrx_word' id='word_1_116' title='bbox 2342 1599 2487 1654; x_wconf 86' lang='lat' dir='ltr'><strong>ante</strong></span> 
     </span>
     <span class='ocr_line' id='line_1_14' title="bbox 287 1686 2485 1760; baseline 0 -14"><span class='ocrx_word' id='word_1_117' title='bbox 287 1688 570 1747; x_wconf 86' lang='lat' dir='ltr'><strong>brumam</strong></span> <span class='ocrx_word' id='word_1_118' title='bbox 596 1689 1051 1760; x_wconf 87' lang='lat' dir='ltr'><strong>transmitteret,</strong></span> <span class='ocrx_word' id='word_1_119' title='bbox 1081 1708 1282 1748; x_wconf 87' lang='lat' dir='ltr'><strong>nonne</strong></span> <span class='ocrx_word' id='word_1_120' title='bbox 1307 1687 1649 1747; x_wconf 71' lang='lat' dir='ltr'><strong>transmisit</strong></span> <span class='ocrx_word' id='word_1_121' title='bbox 1668 1687 1697 1746; x_wconf 86' lang='lat' dir='ltr'>P</span> <span class='ocrx_word' id='word_1_122' title='bbox 1781 1686 1960 1760; x_wconf 79' lang='lat' dir='ltr'><strong>Quod</strong></span> <span class='ocrx_word' id='word_1_123' title='bbox 1986 1688 2052 1746; x_wconf 90' lang='lat' dir='ltr'><strong>ni</strong></span> <span class='ocrx_word' id='word_1_124' title='bbox 2078 1688 2333 1760; x_wconf 73' lang='lat' dir='ltr'><strong>fecisset,</strong></span> <span class='ocrx_word' id='word_1_125' title='bbox 2362 1707 2485 1746; x_wconf 89' lang='lat' dir='ltr'><strong>uno</strong></span> 
     </span>
     <span class='ocr_line' id='line_1_15' title="bbox 287 1778 2485 1858; baseline 0 -20"><span class='ocrx_word' id='word_1_126' title='bbox 287 1780 355 1838; x_wconf 87' lang='lat' dir='ltr'><strong>in</strong></span> <span class='ocrx_word' id='word_1_127' title='bbox 407 1782 539 1840; x_wconf 92' lang='lat' dir='ltr'><strong>loco</strong></span> <span class='ocrx_word' id='word_1_128' title='bbox 590 1801 800 1841; x_wconf 89' lang='lat' dir='ltr'><strong>omnes</strong></span> <span class='ocrx_word' id='word_1_129' title='bbox 851 1781 1336 1840; x_wconf 85' lang='lat' dir='ltr'><strong>adversariorum</strong></span> <span class='ocrx_word' id='word_1_130' title='bbox 1390 1779 1578 1857; x_wconf 83' lang='lat' dir='ltr'><strong>copiae</strong></span> <span class='ocrx_word' id='word_1_131' title='bbox 1632 1779 2070 1838; x_wconf 86' lang='lat' dir='ltr'><strong>convenissent.</strong></span> <span class='ocrx_word' id='word_1_132' title='bbox 2156 1778 2318 1853; x_wconf 79' lang='lat' dir='ltr'><strong>Quid</strong></span> <span class='ocrx_word' id='word_1_133' title='bbox 2370 1799 2485 1858; x_wconf 86' lang='lat' dir='ltr'><strong>ego</strong></span> 
     </span>
     <span class='ocr_line' id='line_1_16' title="bbox 287 1871 2483 1950; baseline 0 -20"><span class='ocrx_word' id='word_1_134' title='bbox 287 1872 678 1950; x_wconf 79' lang='lat' dir='ltr'><strong>haruspicum</strong></span> <span class='ocrx_word' id='word_1_135' title='bbox 705 1892 990 1950; x_wconf 88' lang='lat' dir='ltr'><strong>responsa</strong></span> <span class='ocrx_word' id='word_1_136' title='bbox 1015 1891 1806 1949; x_wconf 88' lang='lat' dir='ltr'><strong>commemorem—possum</strong></span> <span class='ocrx_word' id='word_1_137' title='bbox 1832 1871 2114 1948; x_wconf 89' lang='lat' dir='ltr'><strong>equidem</strong></span> <span class='ocrx_word' id='word_1_138' title='bbox 2140 1872 2483 1930; x_wconf 86' lang='lat' dir='ltr'><strong>innumera-</strong></span> 
     </span>
     <span class='ocr_line' id='line_1_17' title="bbox 277 1962 2483 2042; baseline 0.001 -22"><span class='ocrx_word' id='word_1_139' title='bbox 277 1963 649 2042; x_wconf 74' lang='lat' dir='ltr'><strong>bilia—quse</strong></span> <span class='ocrx_word' id='word_1_140' title='bbox 687 1969 797 2023; x_wconf 93' lang='lat' dir='ltr'><strong>aut</strong></span> <span class='ocrx_word' id='word_1_141' title='bbox 837 1965 1036 2024; x_wconf 88' lang='lat' dir='ltr'><strong>nullos</strong></span> <span class='ocrx_word' id='word_1_142' title='bbox 1076 1964 1403 2024; x_wconf 84' lang='lat' dir='ltr'><strong>habuerint</strong></span> <span class='ocrx_word' id='word_1_143' title='bbox 1440 1962 1660 2035; x_wconf 83' lang='lat' dir='ltr'><strong>exitus,</strong></span> <span class='ocrx_word' id='word_1_144' title='bbox 1706 1967 1817 2022; x_wconf 86' lang='lat' dir='ltr'><strong>aut</strong></span> <span class='ocrx_word' id='word_1_145' title='bbox 1860 1962 2197 2022; x_wconf 88' lang='lat' dir='ltr'><strong>contrarios</strong></span> <span class='ocrx_word' id='word_1_146' title='bbox 2217 1962 2246 2022; x_wconf 99' lang='lat' dir='ltr'>P</span> <span class='ocrx_word' id='word_1_147' title='bbox 2341 1962 2483 2024; x_wconf 88' lang='lat' dir='ltr'><strong>Hoc</strong></span> 
     </span>
     <span class='ocr_line' id='line_1_18' title="bbox 287 2054 2484 2135; baseline 0 -19"><span class='ocrx_word' id='word_1_148' title='bbox 287 2055 457 2116; x_wconf 85' lang='lat' dir='ltr'><strong>civili</strong></span> <span class='ocrx_word' id='word_1_149' title='bbox 481 2057 655 2130; x_wconf 89' lang='lat' dir='ltr'><strong>bello,</strong></span> <span class='ocrx_word' id='word_1_150' title='bbox 684 2078 868 2135; x_wconf 88' lang='lat' dir='ltr'><strong>quam</strong></span> <span class='ocrx_word' id='word_1_151' title='bbox 896 2058 1092 2116; x_wconf 89' lang='lat' dir='ltr'><strong>multa</strong></span> <span class='ocrx_word' id='word_1_152' title='bbox 1131 2055 1445 2117; x_wconf 88' lang='lat' dir='ltr'><strong>luserunt!</strong></span> <span class='ocrx_word' id='word_1_153' title='bbox 1491 2076 1626 2135; x_wconf 84' lang='lat' dir='ltr'><strong>quae</strong></span> <span class='ocrx_word' id='word_1_154' title='bbox 1666 2055 1842 2115; x_wconf 89' lang='lat' dir='ltr'><strong>nobis</strong></span> <span class='ocrx_word' id='word_1_155' title='bbox 1869 2055 1934 2114; x_wconf 87' lang='lat' dir='ltr'><strong>in</strong></span> <span class='ocrx_word' id='word_1_156' title='bbox 1964 2054 2260 2117; x_wconf 72' lang='lat' dir='ltr'><strong>Graeciam</strong></span> <span class='ocrx_word' id='word_1_157' title='bbox 2286 2055 2484 2117; x_wconf 63' lang='lat' dir='ltr'><strong>Roma</strong></span> 
     </span>
    </p>
   </div>
   <div class='ocr_carea' id='block_1_5' title="bbox 288 2146 2613 2227">
    <p class='ocr_par' dir='ltr' id='par_1_5' title="bbox 288 2146 2613 2227">
     <span class='ocr_line' id='line_1_19' title="bbox 288 2146 2613 2227; baseline -0.001 -18"><span class='ocrx_word' id='word_1_158' title='bbox 288 2168 577 2227; x_wconf 84' lang='lat' dir='ltr'><strong>responsa</strong></span> <span class='ocrx_word' id='word_1_159' title='bbox 604 2150 994 2227; x_wconf 84' lang='lat' dir='ltr'><strong>haruspicum</strong></span> <span class='ocrx_word' id='word_1_160' title='bbox 1032 2149 1216 2208; x_wconf 87' lang='lat' dir='ltr'><strong>missa</strong></span> <span class='ocrx_word' id='word_1_161' title='bbox 1254 2146 1454 2207; x_wconf 81' lang='lat' dir='ltr'><strong>sunt?</strong></span> <span class='ocrx_word' id='word_1_162' title='bbox 1497 2168 1631 2226; x_wconf 81' lang='lat' dir='ltr'><strong>quae</strong></span> <span class='ocrx_word' id='word_1_163' title='bbox 1668 2149 1835 2209; x_wconf 88' lang='lat' dir='ltr'><strong>dicta</strong></span> <span class='ocrx_word' id='word_1_164' title='bbox 1876 2148 2160 2227; x_wconf 88' lang='lat' dir='ltr'><strong>Pompeio</strong></span> <span class='ocrx_word' id='word_1_165' title='bbox 2187 2147 2216 2207; x_wconf 99' lang='lat' dir='ltr'>P</span> <span class='ocrx_word' id='word_1_166' title='bbox 2259 2150 2485 2208; x_wconf 89' lang='lat' dir='ltr'><strong>etenim</strong></span> <span class='ocrx_word' id='word_1_167' title='bbox 2608 2191 2613 2200; x_wconf 83' lang='lat'><em>.</em></span> 
     </span>
    </p>
   </div>
   <div class='ocr_carea' id='block_1_6' title="bbox 289 2239 2484 2779">
    <p class='ocr_par' dir='ltr' id='par_1_6' title="bbox 289 2239 2484 2779">
     <span class='ocr_line' id='line_1_20' title="bbox 289 2239 2484 2301; baseline -0.001 -1"><span class='ocrx_word' id='word_1_168' title='bbox 289 2240 396 2300; x_wconf 80' lang='lat' dir='ltr'><strong>sslo</strong></span> <span class='ocrx_word' id='word_1_169' title='bbox 445 2241 775 2300; x_wconf 82' lang='lat' dir='ltr'><strong>admodum</strong></span> <span class='ocrx_word' id='word_1_170' title='bbox 827 2244 984 2301; x_wconf 86' lang='lat' dir='ltr'><strong>extis</strong></span> <span class='ocrx_word' id='word_1_171' title='bbox 1038 2245 1101 2300; x_wconf 90' lang='lat' dir='ltr'><strong>et</strong></span> <span class='ocrx_word' id='word_1_172' title='bbox 1147 2240 1403 2300; x_wconf 87' lang='lat' dir='ltr'><strong>ostentis</strong></span> <span class='ocrx_word' id='word_1_173' title='bbox 1454 2240 1825 2300; x_wconf 83' lang='lat' dir='ltr'><strong>movebatur.</strong></span> <span class='ocrx_word' id='word_1_174' title='bbox 1906 2239 2049 2300; x_wconf 86' lang='lat' dir='ltr'><strong>Non</strong></span> <span class='ocrx_word' id='word_1_175' title='bbox 2101 2241 2270 2301; x_wconf 89' lang='lat' dir='ltr'><strong>lubet</strong></span> <span class='ocrx_word' id='word_1_176' title='bbox 2324 2260 2484 2299; x_wconf 90' lang='lat' dir='ltr'><strong>com-</strong></span> 
     </span>
     <span class='ocr_line' id='line_1_21' title="bbox 289 2331 2480 2411; baseline 0 -20"><span class='ocrx_word' id='word_1_177' title='bbox 289 2352 642 2404; x_wconf 86' lang='lat' dir='ltr'><strong>memorare,</strong></span> <span class='ocrx_word' id='word_1_178' title='bbox 684 2353 796 2393; x_wconf 86' lang='lat' dir='ltr'><strong>nec</strong></span> <span class='ocrx_word' id='word_1_179' title='bbox 836 2353 980 2392; x_wconf 87' lang='lat' dir='ltr'><strong>vero</strong></span> <span class='ocrx_word' id='word_1_180' title='bbox 1019 2352 1262 2393; x_wconf 87' lang='lat' dir='ltr'><strong>necesse</strong></span> <span class='ocrx_word' id='word_1_181' title='bbox 1301 2336 1413 2404; x_wconf 88' lang='lat' dir='ltr'><strong>est,</strong></span> <span class='ocrx_word' id='word_1_182' title='bbox 1441 2332 1557 2391; x_wconf 90' lang='lat' dir='ltr'><strong>tibi</strong></span> <span class='ocrx_word' id='word_1_183' title='bbox 1596 2332 1950 2411; x_wconf 83' lang='lat' dir='ltr'><strong>praesertim,</strong></span> <span class='ocrx_word' id='word_1_184' title='bbox 1981 2331 2088 2409; x_wconf 91' lang='lat' dir='ltr'><strong>qui</strong></span> <span class='ocrx_word' id='word_1_185' title='bbox 2127 2331 2480 2392; x_wconf 85' lang='lat' dir='ltr'><strong>interfuisti.</strong></span> 
     </span>
     <span class='ocr_line' id='line_1_22' title="bbox 290 2424 2482 2505; baseline -0.001 -20"><span class='ocrx_word' id='word_1_186' title='bbox 290 2426 490 2485; x_wconf 90' lang='lat' dir='ltr'><strong>Video</strong></span> <span class='ocrx_word' id='word_1_187' title='bbox 529 2432 753 2499; x_wconf 88' lang='lat' dir='ltr'><strong>tamen,</strong></span> <span class='ocrx_word' id='word_1_188' title='bbox 780 2426 984 2484; x_wconf 89' lang='lat' dir='ltr'><strong>omnia</strong></span> <span class='ocrx_word' id='word_1_189' title='bbox 1013 2425 1138 2484; x_wconf 83' lang='lat' dir='ltr'><strong>fere</strong></span> <span class='ocrx_word' id='word_1_190' title='bbox 1178 2430 1408 2498; x_wconf 85' lang='lat' dir='ltr'><strong>contra,</strong></span> <span class='ocrx_word' id='word_1_191' title='bbox 1434 2443 1506 2505; x_wconf 81' lang='lat' dir='ltr'><strong>ac</strong></span> <span class='ocrx_word' id='word_1_192' title='bbox 1546 2424 1711 2483; x_wconf 82' lang='lat' dir='ltr'><strong>dicta</strong></span> <span class='ocrx_word' id='word_1_193' title='bbox 1749 2425 1891 2496; x_wconf 89' lang='lat' dir='ltr'><strong>sint,</strong></span> <span class='ocrx_word' id='word_1_194' title='bbox 1920 2424 2210 2484; x_wconf 85' lang='lat' dir='ltr'><strong>evenisse.</strong></span> <span class='ocrx_word' id='word_1_195' title='bbox 2290 2424 2482 2483; x_wconf 88' lang='lat' dir='ltr'><strong>Vates</strong></span> 
     </span>
     <span class='ocr_line' id='line_1_23' title="bbox 289 2516 2483 2595; baseline -0.001 -18"><span class='ocrx_word' id='word_1_196' title='bbox 289 2517 559 2578; x_wconf 86' lang='lat' dir='ltr'><strong>Boeotios</strong></span> <span class='ocrx_word' id='word_1_197' title='bbox 625 2517 820 2577; x_wconf 89' lang='lat' dir='ltr'><strong>credis</strong></span> <span class='ocrx_word' id='word_1_198' title='bbox 887 2517 1168 2577; x_wconf 83' lang='lat' dir='ltr'><strong>Lebadiae</strong></span> <span class='ocrx_word' id='word_1_199' title='bbox 1219 2518 1445 2576; x_wconf 85' lang='lat' dir='ltr'><strong>vidisse</strong></span> <span class='ocrx_word' id='word_1_200' title='bbox 1512 2537 1587 2576; x_wconf 85' lang='lat' dir='ltr'><strong>ex</strong></span> <span class='ocrx_word' id='word_1_201' title='bbox 1647 2517 1944 2595; x_wconf 82' lang='lat' dir='ltr'><strong>gallorum</strong></span> <span class='ocrx_word' id='word_1_202' title='bbox 2012 2516 2483 2593; x_wconf 87' lang='lat' dir='ltr'><strong>gallinaceorum</strong></span> 
     </span>
     <span class='ocr_line' id='line_1_24' title="bbox 289 2608 2480 2686; baseline -0.002 -17"><span class='ocrx_word' id='word_1_203' title='bbox 289 2616 492 2683; x_wconf 83' lang='lat' dir='ltr'><strong>cantu,</strong></span> <span class='ocrx_word' id='word_1_204' title='bbox 523 2608 842 2669; x_wconf 83' lang='lat' dir='ltr'><strong>victoriam</strong></span> <span class='ocrx_word' id='word_1_205' title='bbox 867 2629 999 2669; x_wconf 86' lang='lat' dir='ltr'><strong>esse</strong></span> <span class='ocrx_word' id='word_1_206' title='bbox 1028 2609 1472 2683; x_wconf 78' lang='lat' dir='ltr'><strong>Thebanorum,</strong></span> <span class='ocrx_word' id='word_1_207' title='bbox 1502 2609 1645 2686; x_wconf 87' lang='lat' dir='ltr'><strong>quia</strong></span> <span class='ocrx_word' id='word_1_208' title='bbox 1682 2609 1832 2686; x_wconf 84' lang='lat' dir='ltr'><strong>galli</strong></span> <span class='ocrx_word' id='word_1_209' title='bbox 1858 2608 2009 2666; x_wconf 84' lang='lat' dir='ltr'><strong>victi</strong></span> <span class='ocrx_word' id='word_1_210' title='bbox 2047 2608 2225 2667; x_wconf 87' lang='lat' dir='ltr'><strong>silere</strong></span> <span class='ocrx_word' id='word_1_211' title='bbox 2264 2608 2480 2679; x_wconf 85' lang='lat' dir='ltr'><strong>solent,</strong></span> 
     </span>
     <span class='ocr_line' id='line_1_25' title="bbox 290 2699 2481 2779; baseline -0.001 -18"><span class='ocrx_word' id='word_1_212' title='bbox 290 2720 505 2762; x_wconf 88' lang='lat' dir='ltr'><strong>canere</strong></span> <span class='ocrx_word' id='word_1_213' title='bbox 530 2702 808 2762; x_wconf 84' lang='lat' dir='ltr'><strong>victores.</strong></span> <span class='ocrx_word' id='word_1_214' title='bbox 892 2701 1029 2761; x_wconf 88' lang='lat' dir='ltr'><strong>Hoc</strong></span> <span class='ocrx_word' id='word_1_215' title='bbox 1066 2701 1260 2779; x_wconf 84' lang='lat' dir='ltr'><strong>igitur</strong></span> <span class='ocrx_word' id='word_1_216' title='bbox 1301 2721 1410 2778; x_wconf 87' lang='lat' dir='ltr'><strong>per</strong></span> <span class='ocrx_word' id='word_1_217' title='bbox 1448 2700 1706 2779; x_wconf 85' lang='lat' dir='ltr'><strong>gallinas</strong></span> <span class='ocrx_word' id='word_1_218' title='bbox 1732 2700 1979 2778; x_wconf 83' lang='lat' dir='ltr'><strong>Jupiter</strong></span> <span class='ocrx_word' id='word_1_219' title='bbox 2018 2704 2205 2759; x_wconf 83' lang='lat' dir='ltr'><strong>tantae</strong></span> <span class='ocrx_word' id='word_1_220' title='bbox 2243 2699 2481 2760; x_wconf 87' lang='lat' dir='ltr'><strong>civitati</strong></span> 
     </span>
    </p>
   </div>
   <div class='ocr_carea' id='block_1_7' title="bbox 169 2792 2483 2873">
    <p class='ocr_par' dir='ltr' id='par_1_7' title="bbox 169 2792 2483 2873">
     <span class='ocr_line' id='line_1_26' title="bbox 169 2792 2483 2873; baseline -0.001 -20"><span class='ocrx_word' id='word_1_221' title='bbox 169 2828 174 2833; x_wconf 95' lang='lat'><em>-</em></span> <span class='ocrx_word' id='word_1_222' title='bbox 292 2794 538 2873; x_wconf 83' lang='lat' dir='ltr'><strong>signum</strong></span> <span class='ocrx_word' id='word_1_223' title='bbox 591 2792 811 2854; x_wconf 79' lang='lat' dir='ltr'><strong>dedit?</strong></span> <span class='ocrx_word' id='word_1_224' title='bbox 893 2792 995 2852; x_wconf 89' lang='lat' dir='ltr'><strong>An</strong></span> <span class='ocrx_word' id='word_1_225' title='bbox 1046 2793 1164 2851; x_wconf 78' lang='lat' dir='ltr'>111ae</span> <span class='ocrx_word' id='word_1_226' title='bbox 1217 2813 1377 2865; x_wconf 86' lang='lat' dir='ltr'><strong>aves,</strong></span> <span class='ocrx_word' id='word_1_227' title='bbox 1420 2793 1541 2853; x_wconf 88' lang='lat' dir='ltr'><strong>nisi</strong></span> <span class='ocrx_word' id='word_1_228' title='bbox 1593 2813 1736 2852; x_wconf 91' lang='lat' dir='ltr'><strong>cum</strong></span> <span class='ocrx_word' id='word_1_229' title='bbox 1772 2792 2047 2864; x_wconf 88' lang='lat' dir='ltr'><strong>vicerint,</strong></span> <span class='ocrx_word' id='word_1_230' title='bbox 2091 2810 2305 2851; x_wconf 78' lang='lat' dir='ltr'><strong>canere</strong></span> <span class='ocrx_word' id='word_1_231' title='bbox 2357 2812 2483 2853; x_wconf 89' lang='lat' dir='ltr'><strong>non</strong></span> 
     </span>
    </p>
   </div>
   <div class='ocr_carea' id='block_1_8' title="bbox 292 2882 2478 3039">
    <p class='ocr_par' dir='ltr' id='par_1_8' title="bbox 292 2882 2478 3039">
     <span class='ocr_line' id='line_1_27' title="bbox 293 2882 2478 2963; baseline -0.001 -18"><span class='ocrx_word' id='word_1_232' title='bbox 293 2884 544 2945; x_wconf 80' lang='lat' dir='ltr'><strong>solent?</strong></span> <span class='ocrx_word' id='word_1_233' title='bbox 629 2882 714 2945; x_wconf 83' lang='lat' dir='ltr'><strong>At</strong></span> <span class='ocrx_word' id='word_1_234' title='bbox 754 2892 886 2949; x_wconf 87' lang='lat' dir='ltr'><strong>tum</strong></span> <span class='ocrx_word' id='word_1_235' title='bbox 926 2886 1242 2959; x_wconf 83' lang='lat' dir='ltr'><strong>canebant,</strong></span> <span class='ocrx_word' id='word_1_236' title='bbox 1271 2906 1382 2945; x_wconf 90' lang='lat' dir='ltr'><strong>nec</strong></span> <span class='ocrx_word' id='word_1_237' title='bbox 1409 2886 1697 2945; x_wconf 79' lang='lat' dir='ltr'><strong>vicerant.</strong></span> <span class='ocrx_word' id='word_1_238' title='bbox 1778 2884 1853 2943; x_wconf 93' lang='lat' dir='ltr'><strong>Id</strong></span> <span class='ocrx_word' id='word_1_239' title='bbox 1881 2885 2044 2945; x_wconf 89' lang='lat' dir='ltr'><strong>enim</strong></span> <span class='ocrx_word' id='word_1_240' title='bbox 2083 2888 2194 2958; x_wconf 87' lang='lat' dir='ltr'><strong>est,</strong></span> <span class='ocrx_word' id='word_1_241' title='bbox 2222 2884 2478 2963; x_wconf 73' lang='lat' dir='ltr'><strong>inquieS,</strong></span> 
     </span>
     <span class='ocr_line' id='line_1_28' title="bbox 292 2978 1381 3039; baseline 0 -2"><span class='ocrx_word' id='word_1_242' title='bbox 292 2978 834 3039; x_wconf 67' lang='lat' dir='ltr'><strong>ostentum—Clo.</strong></span> <span class='ocrx_word' id='word_1_243' title='bbox 863 2979 932 3036; x_wconf 82' lang='lat' dir='ltr'><strong>de</strong></span> <span class='ocrx_word' id='word_1_244' title='bbox 957 2978 1158 3039; x_wconf 77' lang='lat' dir='ltr'><strong>Divin.</strong></span> <span class='ocrx_word' id='word_1_245' title='bbox 1189 2994 1254 3036; x_wconf 91' lang='lat'><strong>11.</strong></span> <span class='ocrx_word' id='word_1_246' title='bbox 1285 2978 1381 3037; x_wconf 84' lang='lat'><strong>24.</strong></span> 
     </span>
    </p>
   </div>
   <div class='ocr_carea' id='block_1_9' title="bbox 1241 3220 1541 3281">
    <p class='ocr_par' dir='ltr' id='par_1_9' title="bbox 1241 3220 1541 3281">
     <span class='ocr_line' id='line_1_29' title="bbox 1241 3220 1541 3281; baseline 0 -1"><span class='ocrx_word' id='word_1_247' title='bbox 1241 3220 1541 3281; x_wconf 90' lang='lat' dir='ltr'>XXXVI.</span> 
     </span>
    </p>
   </div>
   <div class='ocr_carea' id='block_1_10' title="bbox 281 3376 2483 3919">
    <p class='ocr_par' dir='ltr' id='par_1_10' title="bbox 281 3376 2483 3919">
     <span class='ocr_line' id='line_1_30' title="bbox 399 3376 2479 3458; baseline 0 -23"><span class='ocrx_word' id='word_1_248' title='bbox 399 3376 780 3456; x_wconf 81' lang='lat' dir='ltr'><strong>Explodatur</strong></span> <span class='ocrx_word' id='word_1_249' title='bbox 796 3377 989 3458; x_wconf 84' lang='lat' dir='ltr'><strong>igitur</strong></span> <span class='ocrx_word' id='word_1_250' title='bbox 1003 3377 1130 3437; x_wconf 79' lang='lat' dir='ltr'><strong>hoec</strong></span> <span class='ocrx_word' id='word_1_251' title='bbox 1146 3376 1518 3436; x_wconf 88' lang='lat' dir='ltr'><strong>somniorum</strong></span> <span class='ocrx_word' id='word_1_252' title='bbox 1536 3376 1829 3436; x_wconf 84' lang='lat' dir='ltr'><strong>divinatio</strong></span> <span class='ocrx_word' id='word_1_253' title='bbox 1849 3376 2077 3455; x_wconf 84' lang='lat' dir='ltr'><strong>pariter</strong></span> <span class='ocrx_word' id='word_1_254' title='bbox 2092 3398 2231 3437; x_wconf 91' lang='lat' dir='ltr'><strong>cum</strong></span> <span class='ocrx_word' id='word_1_255' title='bbox 2248 3376 2479 3437; x_wconf 88' lang='lat' dir='ltr'><strong>ceteris.</strong></span> 
     </span>
     <span class='ocr_line' id='line_1_31' title="bbox 281 3469 2483 3547; baseline 0 -20"><span class='ocrx_word' id='word_1_256' title='bbox 281 3469 471 3542; x_wconf 73' lang='lat' dir='ltr'><strong>Nam,</strong></span> <span class='ocrx_word' id='word_1_257' title='bbox 513 3475 586 3529; x_wconf 87' lang='lat' dir='ltr'><strong>ut</strong></span> <span class='ocrx_word' id='word_1_258' title='bbox 623 3488 766 3530; x_wconf 84' lang='lat' dir='ltr'><strong>vere</strong></span> <span class='ocrx_word' id='word_1_259' title='bbox 804 3472 1141 3547; x_wconf 88' lang='lat' dir='ltr'><strong>loquamur,</strong></span> <span class='ocrx_word' id='word_1_260' title='bbox 1184 3469 1535 3547; x_wconf 88' lang='lat' dir='ltr'><strong>superstitio</strong></span> <span class='ocrx_word' id='word_1_261' title='bbox 1574 3469 1714 3529; x_wconf 83' lang='lat' dir='ltr'><strong>fusa</strong></span> <span class='ocrx_word' id='word_1_262' title='bbox 1766 3490 1874 3547; x_wconf 89' lang='lat' dir='ltr'><strong>per</strong></span> <span class='ocrx_word' id='word_1_263' title='bbox 1926 3474 2140 3547; x_wconf 84' lang='lat' dir='ltr'><strong>gentes</strong></span> <span class='ocrx_word' id='word_1_264' title='bbox 2180 3469 2483 3547; x_wconf 86' lang='lat' dir='ltr'><strong>oppressit</strong></span> 
     </span>
     <span class='ocr_line' id='line_1_32' title="bbox 285 3560 2480 3639; baseline 0 -18"><span class='ocrx_word' id='word_1_265' title='bbox 285 3563 566 3621; x_wconf 82' lang='lat' dir='ltr'><strong>omnium</strong></span> <span class='ocrx_word' id='word_1_266' title='bbox 603 3561 731 3622; x_wconf 82' lang='lat' dir='ltr'><strong>fere</strong></span> <span class='ocrx_word' id='word_1_267' title='bbox 770 3562 1007 3627; x_wconf 76' lang='lat' dir='ltr'><strong>animos,</strong></span> <span class='ocrx_word' id='word_1_268' title='bbox 1042 3568 1226 3639; x_wconf 89' lang='lat' dir='ltr'><strong>atque</strong></span> <span class='ocrx_word' id='word_1_269' title='bbox 1266 3562 1580 3619; x_wconf 89' lang='lat' dir='ltr'><strong>hominum</strong></span> <span class='ocrx_word' id='word_1_270' title='bbox 1626 3561 2104 3621; x_wconf 86' lang='lat' dir='ltr'><strong>imbecillitatem</strong></span> <span class='ocrx_word' id='word_1_271' title='bbox 2142 3560 2480 3639; x_wconf 83' lang='lat' dir='ltr'><strong>occupavit.</strong></span> 
     </span>
     <span class='ocr_line' id='line_1_33' title="bbox 297 3652 2483 3734; baseline 0 -21"><span class='ocrx_word' id='word_1_272' title='bbox 297 3699 312 3713; x_wconf 92' lang='lat'><strong>.</strong></span> <span class='ocrx_word' id='word_1_273' title='bbox 357 3690 374 3712; x_wconf 76' lang='grc'><strong>.</strong></span> <span class='ocrx_word' id='word_1_274' title='bbox 417 3694 432 3714; x_wconf 86' lang='grc'><strong>.</strong></span> <span class='ocrx_word' id='word_1_275' title='bbox 474 3654 603 3715; x_wconf 86' lang='lat' dir='ltr'><strong>Nec</strong></span> <span class='ocrx_word' id='word_1_276' title='bbox 644 3674 788 3714; x_wconf 85' lang='lat' dir='ltr'><strong>vero</strong></span> <span class='ocrx_word' id='word_1_277' title='bbox 832 3655 1261 3734; x_wconf 85' lang='lat' dir='ltr'><strong>superstitione</strong></span> <span class='ocrx_word' id='word_1_278' title='bbox 1313 3652 1582 3713; x_wconf 71' lang='lat' dir='ltr'><strong>tollenda</strong></span> <span class='ocrx_word' id='word_1_279' title='bbox 1619 3654 1832 3731; x_wconf 84' lang='lat' dir='ltr'><strong>religio</strong></span> <span class='ocrx_word' id='word_1_280' title='bbox 1870 3653 2122 3712; x_wconf 84' lang='lat' dir='ltr'><strong>tollitur.</strong></span> <span class='ocrx_word' id='word_1_281' title='bbox 2204 3652 2366 3712; x_wconf 86' lang='lat' dir='ltr'><strong>Nam</strong></span> <span class='ocrx_word' id='word_1_282' title='bbox 2420 3659 2483 3713; x_wconf 87' lang='lat' dir='ltr'><strong>et</strong></span> 
     </span>
     <span class='ocr_line' id='line_1_34' title="bbox 293 3744 2482 3825; baseline 0 -21"><span class='ocrx_word' id='word_1_283' title='bbox 293 3746 595 3825; x_wconf 87' lang='lat' dir='ltr'><strong>majorum</strong></span> <span class='ocrx_word' id='word_1_284' title='bbox 620 3745 906 3807; x_wconf 85' lang='lat' dir='ltr'><strong>instituta</strong></span> <span class='ocrx_word' id='word_1_285' title='bbox 931 3747 1094 3805; x_wconf 89' lang='lat' dir='ltr'><strong>tueri</strong></span> <span class='ocrx_word' id='word_1_286' title='bbox 1119 3746 1305 3805; x_wconf 88' lang='lat' dir='ltr'><strong>sacris</strong></span> <span class='ocrx_word' id='word_1_287' title='bbox 1333 3745 1808 3822; x_wconf 71' lang='lat' dir='ltr'><strong>caerimoniisque</strong></span> <span class='ocrx_word' id='word_1_288' title='bbox 1833 3744 2165 3805; x_wconf 85' lang='lat' dir='ltr'><strong>retinendis</strong></span> <span class='ocrx_word' id='word_1_289' title='bbox 2192 3744 2482 3823; x_wconf 87' lang='lat' dir='ltr'><strong>sapientis</strong></span> 
     </span>
     <span class='ocr_line' id='line_1_35' title="bbox 291 3838 2482 3919; baseline 0 -22"><span class='ocrx_word' id='word_1_290' title='bbox 291 3844 406 3913; x_wconf 84' lang='lat' dir='ltr'><strong>est,</strong></span> <span class='ocrx_word' id='word_1_291' title='bbox 448 3843 514 3898; x_wconf 89' lang='lat' dir='ltr'><strong>et</strong></span> <span class='ocrx_word' id='word_1_292' title='bbox 551 3858 682 3898; x_wconf 88' lang='lat' dir='ltr'><strong>esse</strong></span> <span class='ocrx_word' id='word_1_293' title='bbox 720 3844 1111 3919; x_wconf 64' lang='lat' dir='ltr'><strong>praestantem</strong></span> <span class='ocrx_word' id='word_1_294' title='bbox 1150 3838 1415 3916; x_wconf 86' lang='lat' dir='ltr'><strong>aliquam</strong></span> <span class='ocrx_word' id='word_1_295' title='bbox 1455 3842 1859 3914; x_wconf 73' lang='lat' dir='ltr'><strong>aeternamque</strong></span> <span class='ocrx_word' id='word_1_296' title='bbox 1903 3842 2203 3910; x_wconf 88' lang='lat' dir='ltr'><strong>naturam,</strong></span> <span class='ocrx_word' id='word_1_297' title='bbox 2244 3842 2309 3897; x_wconf 88' lang='lat' dir='ltr'><strong>et</strong></span> <span class='ocrx_word' id='word_1_298' title='bbox 2348 3856 2482 3897; x_wconf 87' lang='lat' dir='ltr'><strong>eam</strong></span> 
     </span>
    </p>
   </div>
  </div>
 </body>
</html>
