2744 4138
1227 175 1381 221 mur
1426 175 1487 220 v.
1757 212 1762 217 .
1908 195 1911 202 -
2370 155 2453 215 69

267 349 376 387 vos
404 327 707 406 quondam
741 327 938 384 facere
973 327 1168 384 Nonis
1205 324 1506 383 solebatis,
1592 323 1721 382 Nec
1763 319 2080 398 quisquam
2106 340 2212 379 rex
2242 319 2452 378 Persa-

265 442 404 478 rum
431 425 638 498 potest
663 438 808 490 esse,
830 420 934 496 qui
960 440 1082 477 non
1109 423 1251 476 ante
1283 418 1607 494 Magorum
1621 415 2004 491 disciplinam
2020 411 2456 489 scientiamque

267 511 624 592 perceperit.

389 606 560 662 Licet
585 609 786 662 autem
808 603 1013 660 videre
1035 608 1096 660 et
1113 621 1335 677 genera
1354 601 1645 677 quaedam,
1667 606 1729 658 et
1745 599 2018 658 nationes
2034 598 2177 656 huic
2192 596 2455 656 scientiae

266 697 522 755 deditas.
606 695 945 753 Telmessus
987 694 1056 751 in
1102 692 1280 752 Caria
1323 700 1451 750 est·
1496 691 1618 771 qua
1657 691 1725 749 in
1771 692 1919 748 urbe
1966 688 2206 748 excellit
2241 689 2451 748 harus-

263 790 472 865 picum
520 786 856 866 disciplina.
960 786 1236 862 Itemque
1278 785 1406 843 Elis
1445 785 1509 842 in
1552 785 1963 861 Peloponneso
2004 782 2263 840 familias
2303 781 2455 839 duas

265 886 462 938 certas
517 878 717 948 habet,
775 878 1147 936 Iamidarum
1201 897 1403 949 unam,
1465 877 1718 935 alteram
1787 875 2185 945 Clutidarum,
2242 873 2453 932 harus-

265 972 480 1050 picinae
547 970 864 1029 nobilitate
929 974 1302 1046 praestantes.
1414 969 1491 1026 In
1560 967 1737 1046 Syria
1793 966 2060 1027 Chaldaei
2113 965 2455 1043 cognitione

263 1068 582 1136 astrorum,
634 1061 1014 1140 sollertiaque
1060 1062 1462 1141 ingeniorum,
1506 1061 1895 1119 antecellunt.
1979 1059 2226 1118 Etruria
2251 1062 2454 1115 autem

261 1155 338 1212 de
365 1155 518 1213 coelo
542 1157 709 1212 tacta
737 1153 1131 1212 scientissime
1157 1151 1620 1223 animadvertit3
1650 1152 1977 1226 eademque
1998 1134 2449 1225 interpretatur,

263 1245 414 1323 quid
443 1237 780 1322 quibusque
815 1245 1172 1302 ostendatur
1210 1243 1499 1302 monstris
1538 1249 1719 1320 atque
1760 1243 2075 1320 portentis.
2161 1239 2455 1314 Quocirca

261 1339 416 1396 bene
443 1340 606 1415 apud
634 1339 890 1414 majores
915 1343 1156 1396 nostros
1182 1341 1449 1410 senatuS,
1479 1342 1629 1409 tum,
1660 1356 1796 1394 cum
1826 1335 2075 1394 florebat
2113 1334 2449 1410 imperium,

262 1430 554 1502 decrevit,
582 1433 653 1486 ut
693 1430 768 1486 de
807 1430 1148 1506 principum
1187 1429 1346 1500 filiis,
1375 1449 1480 1487 sex
1520 1429 1773 1506 singulis
1814 1428 2073 1484 Etruriae
2114 1425 2349 1503 populis
2388 1425 2454 1482 in

263 1523 648 1599 disciplinam
688 1521 1091 1593 traderentur,
1121 1542 1198 1579 ne
1224 1541 1324 1580 ars
1350 1527 1543 1592 tanta,
1573 1526 1821 1598 propter
1861 1521 2220 1577 tenuitatem
2261 1519 2452 1577 homi·

262 1632 430 1685 num,
477 1631 515 1671 a
556 1612 870 1690 religionis
911 1613 1272 1671 auctoritate
1319 1614 1721 1672 abduceretur
1763 1612 1844 1669 ad
1887 1611 2225 1668 mercedem
2266 1614 2451 1687 atque

268 1709 588 1781 quaestum.
692 1703 964 1782 Phryges
1010 1709 1231 1777 autem,
1279 1709 1341 1763 et
1387 1704 1622 1775 Pisidae,
1666 1709 1731 1762 et
1784 1702 2014 1772 Cilices,
2064 1708 2127 1760 et
2180 1702 2453 1760 Arabum

260 1796 446 1868 nati0,
499 1795 706 1854 avium
760 1795 1302 1872 significationibus
1368 1795 1701 1873 plurimum
1768 1795 2220 1870 obtemperant:
2290 1793 2451 1869 quod

260 1887 425 1946 idem
452 1887 799 1946 factitatum
824 1887 890 1944 in
917 1887 1172 1946 Umbria
1197 1887 1766 1965 accepimus—010.
1798 1887 1867 1944 de
1892 1887 2155 1944 Divinat.
2183 1885 2224 1943 i.
2245 1885 2342 1942 41.

1321 2104 1393 2163 V.

381 2246 675 2323 Magnum
693 2244 1010 2323 ingenium
1027 2245 1096 2303 L.
1119 2244 1377 2315 Luculli,
1396 2264 1807 2323 magnumque
1833 2246 2199 2324 optimarum
2225 2245 2451 2305 artium

263 2339 556 2408 studium,
585 2344 720 2396 tum
748 2338 943 2396 omnis
970 2339 1232 2397 liberalis
1269 2343 1330 2396 et
1368 2338 1555 2417 digna
1592 2338 1833 2397 homine
1873 2340 2059 2397 nobili
2101 2339 2178 2397 ab
2214 2360 2285 2398 eo
2317 2358 2451 2416 per-

261 2437 440 2507 cepta
477 2430 771 2503 doctrina,
802 2431 1020 2508 quibus
1054 2430 1429 2514 ¹temporibus
1456 2431 1665 2489 florere
1691 2432 1758 2489 in
1784 2431 1914 2490 foro
1943 2431 2201 2490 maxime
2230 2431 2447 2507 potuit,

261 2523 460 2581 caruit
501 2524 748 2582 omnino
788 2525 970 2583 rebus
1017 2524 1281 2583 urbanis.
1366 2525 1459 2582 Ut
1498 2525 1675 2595 enim,
1718 2525 2041 2582 admodum
2088 2525 2447 2596 adolescenS,

261 2636 401 2673 cum
427 2616 636 2687 fratre,
666 2616 797 2693 pari
823 2611 1120 2675 industria
1149 2622 1212 2674 et
1239 2617 1463 2693 pietate
1490 2617 1759 2693 praedito,
1791 2623 2074 2695 paternas
2100 2616 2449 2677 inimicitias

261 2708 482 2785 magna
507 2728 647 2768 cum
682 2707 876 2785 gloria
914 2715 1007 2767 est
1043 2714 1427 2786 persecutus:
1470 2709 1537 2766 in
1574 2708 1783 2767 Asiam
1820 2714 2081 2785 quaestor
2122 2709 2446 2785 profectus,

259 2800 345 2857 ibi
381 2802 932 2877 permultosannos
958 2800 1301 2859 admirabili
1323 2800 1590 2879 quadam
1615 2802 1793 2862 laude
1821 2796 2143 2879 prox'rinciae
2171 2802 2446 2879 praefuit;

260 2898 397 2969 post
441 2893 509 2950 in
551 2892 843 2963 Africam,
873 2892 1016 2951 inde
1059 2893 1137 2950 ad
1181 2895 1600 2965 consulatum3
1640 2914 1824 2972 quem
1848 2896 1937 2953 ita
1975 2896 2184 2971 gessit,
2215 2901 2286 2952 ut
2313 2896 2447 2955 dili-

257 2985 530 3061 gentiam
577 2986 1022 3044 admirarentur
1063 3004 1288 3051 omnes‚
1333 2986 1649 3063 ingenium
1694 2992 2123 3063 agnoscerent:
2188 2991 2327 3064 post
2369 2989 2449 3048 ad

258 3077 752 3135 Mithridaticum
807 3077 1030 3135 bellum
1083 3077 1305 3135 missus
1351 3098 1389 3137 a
1435 3085 1668 3151 senatu,
1719 3099 1840 3137 non
1888 3080 2063 3137 modo
2107 3080 2448 3156 opinionem

258 3171 415 3229 vicit
455 3172 743 3241 omnium,
775 3189 908 3246 quae
947 3169 1022 3227 de
1059 3168 1286 3227 virtute
1315 3171 1447 3247 ejus
1474 3178 1620 3240 erat,
1652 3172 1755 3229 sed
1784 3171 1959 3229 etiam
1990 3172 2243 3248 gloriam
2272 3194 2445 3251 supe-

257 3264 506 3323 riorum.
563 3262 759 3338 quue
785 3280 856 3319 eo
881 3260 1006 3318 fuit
1034 3260 1385 3333 mirabilius,
1408 3262 1571 3339 quod
1590 3263 1666 3321 ab
1684 3284 1753 3322 eo
1774 3264 1904 3323 laus
1923 3264 2307 3341 imperatoria
2326 3285 2446 3324 non

257 3354 585 3421 admodum
637 3354 1112 3429 exspectabatur,
1169 3354 1276 3430 qui
1329 3354 1795 3415 adolescentiam
1846 3356 1914 3413 in
1966 3356 2193 3417 forensi
2245 3357 2444 3435 opera,

257 3452 576 3524 quaesturae
604 3446 961 3505 diuturnum
988 3450 1242 3523 tempus,
1273 3446 1536 3507 Murena
1574 3447 1798 3507 bellum
1835 3449 1900 3506 in
1943 3449 2139 3509 Ponto
2179 3460 2444 3528 gerente,

255 3542 321 3598 in
374 3539 536 3598 Asiae
575 3558 721 3616 pace
761 3543 1234 3615 consumpserat.
1321 3537 1442 3597 Sed
1488 3539 1856 3599 incredibilis
1904 3543 2177 3618 quaedam
2219 3542 2448 3619 ingenii

254 3632 611 3710 magnitudo
646 3650 767 3689 non
806 3629 1174 3689 desideravit
1210 3628 1535 3689 indocilem
1563 3629 1708 3690 usus
1751 3632 2149 3709 disciplinam.
2234 3635 2447 3713 Itaque

254 3744 395 3784 cum
422 3728 622 3783 totum
648 3724 766 3783 iter
791 3728 856 3784 et
879 3721 1331 3799 navigationem
1359 3725 1829 3800 consumpsisset
1854 3725 2076 3801 partim
2104 3726 2171 3783 in
2196 3747 2442 3804 percon-

253 3816 441 3874 tando
467 3834 505 3872 a
530 3814 758 3891 peritis,
787 3815 1012 3893 partim
1038 3812 1104 3871 in
1129 3814 1311 3873 rebus
1337 3815 1527 3893 gestis
1564 3814 1835 3893 legendis
1858 3838 1873 3887 ;
1915 3816 1979 3872 in
2012 3816 2220 3875 Asiam
2246 3819 2443 3879 factus
