2744 4138
303 173 345 231 4
918 189 1044 232 xm
1087 189 1164 234 ro
1209 189 1330 232 'run
1375 188 1557 232 LArm
1602 188 1877 234 MANUAL.

302 337 596 396 sententia
635 337 958 415 Pompeius
997 337 1174 397 valde
1213 337 1579 410 abhorreret,
1612 337 1862 396 suadere
1897 337 2138 396 institui
2166 341 2237 396 ut
2260 337 2492 396 bellum

301 430 564 489 duceret.
647 431 782 489 Hoc
824 430 1129 489 interdum
1167 429 1477 508 probabat,
1515 435 1579 489 et
1616 429 1683 488 in
1721 428 1791 488 ea
1830 429 2129 489 sententia
2166 430 2492 490 videbatur

301 523 460 582 fore:
518 528 582 582 et
627 523 842 582 fuisset
885 523 1155 594 fortasse,
1184 522 1317 594 nisi,
1355 521 1623 599 quadam
1661 543 1737 582 ex
1775 521 1996 601 pugna,
2040 523 2320 602 coepisset
2360 524 2491 583 suis

299 614 591 674 militibus
645 615 956 673 confidere.
1057 614 1154 672 Ex
1205 633 1276 673 eo
1329 618 1600 691 tempore
1652 614 1749 672 vir
1799 614 1902 673 ille
1954 635 2225 675 summus
2278 616 2489 676 nullus

297 707 626 785 imperator
650 708 784 766 fuit.
873 705 1078 785 Signa,
1110 706 1306 765 tirone
1333 711 1397 764 et
1424 707 1752 765 collecticio
1780 706 2063 778 exercitu,
2094 728 2235 767 cum
2260 708 2486 785 legion-

297 799 432 857 ibus
485 798 918 858 robustissimis
963 797 1238 856 contulit.
1336 797 1576 870 Victus,
1630 798 1976 874 turpissime
2018 799 2202 858 etiam
2252 799 2487 859 amissis

297 892 530 961 castriS,
583 891 744 948 solus
784 891 960 966 fugit.
1065 889 1328 948 Discessi
1379 890 1457 949 ab
1503 909 1573 947 eo
1620 889 1796 960 bello,
1840 889 1905 946 in
1946 909 2067 966 quo
2106 895 2215 979 aut
2253 891 2315 947 iu
2356 890 2486 948 acie

297 980 632 1040 cadendum
659 981 794 1053 fuit,
824 985 932 1038 aut
956 981 1019 1037 in
1048 981 1279 1057 aliquas
1306 979 1555 1038 insidias
1583 979 1988 1051 incidendum,
2018 985 2125 1038 aut
2154 982 2233 1038 ad
2260 981 2301 1039 J
2306 981 2484 1039 ubam

277 1057 782 1150 'confugiendum,
813 1076 920 1130 aut
946 1071 1270 1148 capiendus
1298 1075 1595 1148 tanquam
1622 1071 1831 1129 exsilio
1874 1071 2059 1144 locuS,
2088 1075 2196 1129 aut
2225 1075 2482 1131 conscis-

295 1163 486 1222 cenda
523 1183 686 1222 mors
725 1163 1083 1221 voluntaria.
1169 1163 1346 1221 Certe
1386 1162 1538 1220 nihil
1579 1161 1696 1219 fuit
1734 1165 2039 1239 proeterea‚
2076 1162 2128 1219 si
2162 1168 2221 1220 te
2264 1163 2483 1222 victori

294 1260 482 1317 nolles
508 1263 616 1316 aut
643 1277 764 1314 nou
791 1257 1042 1314 auderes
1069 1256 1462 1314 committere.
1544 1254 1640 1312 Ex
1680 1255 1959 1313 omnibus
2000 1260 2202 1313 autem
2229 1256 2320 1327 iis,
2350 1274 2483 1332 quae

293 1351 439 1422 dixi,
468 1348 880 1418 incommodis,
910 1347 1063 1406 nihil
1096 1347 1471 1406 tolerabilius
1510 1347 1737 1419 exsilio,
1780 1347 2121 1425 praesertim
2155 1347 2477 1420 innocenti,

292 1444 398 1502 ubi
425 1443 591 1500 nulla
617 1442 900 1518 adjuncta
921 1445 1013 1498 est
1040 1439 1356 1516 turpitudo
1380 1465 1393 1498 ε
1438 1440 1595 1498 addo
1613 1439 1819 1512 etiam,
1844 1459 1982 1498 cum
2001 1438 2071 1498 ea
2092 1440 2238 1498 urbe
2256 1459 2475 1512 careas,

292 1535 359 1592 iu
386 1534 504 1611 qua
532 1533 682 1591 nihil
709 1534 806 1605 sit,
837 1532 998 1609 quod
1029 1532 1228 1590 videre
1253 1532 1448 1609 possis
1476 1531 1603 1589 sine
1631 1530 1852 1589 dolore.
1936 1529 2086 1603 Quae
2110 1532 2475 1604 acciderunt,

289 1627 492 1686 omnia
509 1627 635 1684 dixi
651 1626 873 1684 futura.
943 1624 1064 1683 Sed
1081 1634 1284 1682 tamen
1305 1643 1519 1682 vacare
1540 1623 1718 1700 culpa
1738 1643 2027 1698 magnum
2050 1635 2141 1682 est
2164 1626 2438 1683 solatium
2462 1650 2477 1697 ;

289 1711 621 1798 praesertim
658 1739 797 1777 cum
824 1718 1076 1776 habeam
1123 1717 1272 1775 duas
1303 1736 1402 1774 res
1436 1716 1655 1793 quibus
1684 1735 1778 1773 me
1807 1718 2475 1794 sustentem—optima-

287 1833 424 1870 rum
463 1813 687 1870 artium
724 1805 1041 1868 'scientiam
1080 1814 1142 1869 et
1182 1811 1580 1868 maximarum
1626 1829 1828 1867 rerum
1877 1809 2476 1887 gloriam.-—ClcERO‚

289 1906 366 1963 ad
391 1907 672 1977 Diversos,
702 1921 804 1964 VII.
836 1905 891 1962 3.

1321 2107 1436 2167 VI.

403 2251 492 2310 At
518 2250 677 2309 enim
703 2270 879 2308 nemo
914 2254 1054 2328 post
1078 2268 1250 2327 reges
1279 2254 1521 2308 exactos
1551 2248 1625 2307 de
1659 2248 1833 2326 plebe
1862 2249 2070 2307 consul
2096 2249 2229 2309 fuit.
2316 2250 2476 2325 Quid

284 2340 543 2420 postea?
624 2342 882 2399 Nullane
908 2360 1004 2400 res
1030 2359 1191 2399 nova
1228 2338 1469 2398 institui
1500 2338 1677 2397 debet
1697 2338 1727 2397 Ρ
1810 2340 2153 2413 Pontifices,
2191 2361 2471 2419 augures,

284 2434 545 2493 Romulo
591 2437 898 2511 regnante,
941 2433 1096 2491 nulli
1137 2436 1340 2503 erant3
1396 2431 1475 2489 ab
1512 2430 1717 2490 Numa
1752 2431 2053 2510 Pompilio
2086 2435 2272 2493 creati
2312 2440 2473 2494 sunt.

282 2526 516 2587 Census
553 2524 617 2583 in
663 2525 909 2584 civitate
955 2531 1018 2582 et
1065 2523 1391 2600 descriptio
1438 2523 1850 2583 centuriarum
1904 2524 2303 2603 classiumque
2350 2548 2472 2585 non

281 2625 443 2679 erat:
487 2620 565 2677 ab
609 2616 818 2676 Servio
858 2616 1056 2675 Tullio
1097 2620 1190 2674 est
1231 2614 1411 2673 facta.
1510 2614 1799 2674 Consules
1840 2636 2153 2693 nunquam
2191 2618 2466 2678 fuerant:

280 2711 528 2789 regibus
555 2711 779 2769 exactis
807 2711 990 2767 creati
1019 2713 1178 2767 sunt.
1265 2707 1599 2766 Dictatoris
1624 2726 1737 2765 nec
1762 2708 2086 2785 imperium
2112 2730 2225 2769 nec
2253 2731 2470 2771 nomen

280 2804 517 2863 fuerat:
561 2802 721 2880 apud
758 2807 964 2880 patres
992 2819 1120 2858 esse
1148 2800 1350 2876 coepit.
1435 2798 1825 2858 Decemviros
1864 2802 2100 2877 legibus
2142 2802 2469 2861 scribendis

279 2896 445 2954 intra
466 2895 670 2954 decem
697 2895 807 2952 hos
834 2912 1021 2951 annos
1043 2898 1106 2950 et
1123 2891 1461 2950 creavimus
1488 2895 1553 2950 et
1579 2892 1950 2951 sustulimus.
2036 2892 2184 2967 Quis
2213 2896 2467 2967 dubitat,

283 2988 447 3066 quin,
496 2988 563 3045 in
605 2992 880 3046 eternum
928 2985 1077 3043 urbe
1125 2982 1386 3054 condita,
1429 2983 1491 3040 iu
1541 2983 1900 3042 immensum
1947 2992 2267 3059 crescente,
2312 3008 2469 3048 nova

281 3080 549 3156 imperia,
607 3077 982 3149 sacerdotia„
1013 3077 1152 3153 jura
1207 3075 1477 3152 gentium
1534 3074 1962 3153 hominumque
2016 3077 2464 3139 instituantur?

281 3171 417 3230 Hoc
445 3171 664 3250 ipsum,
692 3191 768 3228 ne
795 3168 1164 3230 connubium
1193 3167 1481 3225 Patribus
1510 3186 1651 3225 cum
1676 3168 1851 3245 plebe
1876 3174 2056 3240 esset,
2084 3191 2207 3229 non
2233 3172 2464 3231 decem-

279 3263 398 3321 viri
439 3264 714 3323 tulerunt
760 3261 967 3339 paucis
1011 3259 1104 3317 his
1151 3258 1326 3317 annis
1381 3260 1641 3336 pessimo
1688 3262 1961 3338 exemplo
2016 3264 2271 3338 publicO,
2328 3284 2467 3324 cum

281 3355 514 3415 summa
566 3354 788 3429 injuria
845 3352 1082 3430 plebis?
1192 3351 1293 3409 An
1346 3370 1476 3410 esse
1530 3352 1657 3410 ulla
1710 3354 1905 3431 major
1965 3359 2072 3412 aut
2124 3356 2467 3433 insignitior

281 3446 645 3506 contumelia
692 3450 908 3522 potest,
951 3462 1133 3519 quam
1175 3446 1409 3520 partem
1450 3442 1731 3517 civitatiS,
1771 3445 1939 3503 velut
1975 3448 2462 3521 contaminatam,

275 3541 594 3617 indignam
622 3536 920 3596 connubio
945 3532 1204 3593 haberi?
1274 3533 1434 3607 Quid
1462 3542 1554 3593 est
1578 3535 1763 3608 aliud,
1788 3556 1970 3613 quam
1998 3538 2277 3597 exsilium
2303 3541 2465 3600 intra

277 3633 488 3693 eadem
530 3629 768 3699 moenia,
813 3646 994 3705 quam
1041 3626 1476 3704 relegationem
1527 3626 1707 3705 pati?
1791 3628 1885 3686 Ne
1931 3629 2341 3705 affinitatibus,
2387 3652 2463 3692 ne

275 3720 828 3802 propinquitatibus
892 3717 1352 3790 immisceamur,
1415 3724 1667 3791 cavent3
1734 3739 1811 3778 ne
1878 3722 2141 3781 societur
2198 3726 2460 3802 sanguis.

280 3818 435 3891 Quid
461 3815 489 3875 P
533 3815 645 3871 hoc
674 3812 725 3871 si
751 3811 971 3890 polluit
998 3811 1377 3870 nobilitatem
1402 3811 1585 3871 istam
1610 3816 1892 3885 vestram,
1917 3813 2209 3874 sinceram
2228 3837 2464 3879 servare
