2744 4138
266 129 353 194 74
882 144 1012 190 nr
1056 145 1130 190 ro
1175 145 1298 192 rus
1341 145 1528 192 urm
1571 144 1848 190 mima.

284 293 674 356 nascentibus
712 292 992 366 Athenis,
1020 293 1129 353 sed
1160 294 1293 372 jam
1324 293 1572 367 adultis,
1612 293 1882 368 fuerunt,
1924 294 2106 354 litera
2151 293 2324 355 nulla
2365 299 2500 364 est,

290 408 427 464 quoe
466 388 713 465 quidem
753 392 1033 446 ornatum
1072 387 1333 462 aliquem
1371 385 1609 459 habeat,
1637 391 1702 446 et
1736 387 1998 448 oratoris
2023 406 2154 446 esse
2177 386 2486 446 videatur.

282 479 665 558 Quamquam
711 479 913 557 opinio
954 482 1050 538 est
1095 478 1508 552 Pisistratum,
1553 478 1660 556 qui
1698 478 1914 538 multis
1957 478 2135 538 annis
2181 483 2325 537 ante
2367 477 2488 538 hos

277 571 487 643 fuerit,
518 576 581 630 et
606 571 789 648 paulo
814 569 1111 630 seniorem
1148 569 1331 628 etiam
1371 568 1675 640 Solonem,
1705 577 2038 649 posteaque
2081 568 2484 642 Clisthenem,

278 662 564 734 multum,
584 666 658 720 ut
680 660 1055 738 temporibus
1079 659 1220 732 iffis,
1242 659 1506 720 valuisse
1533 661 1807 722 dicendo.
1889 661 2041 721 Post
2055 661 2216 720 hanc
2231 665 2488 719 aetatem

276 752 514 831 aliquot
538 753 733 824 annis,
762 757 836 811 ut
860 771 937 810 ex
964 751 1189 812 Atticis
1225 753 1639 812 monumentis
1664 758 1868 832 potest
1893 751 2176 832 perspici,
2207 752 2484 812 Themis-

278 847 470 904 tocles
495 845 632 915 fuit,
659 863 841 921 quem
868 848 1126 914 constat,
1155 863 1294 902 cum
1335 845 1677 922 prudentia,
1707 850 1843 904 tum
1881 846 2070 905 etiam
2108 845 2484 923 eloquentia,

273 937 643 1016 praestitisse.
725 935 878 994 Post
900 935 1180 1008 Pericles,
1200 937 1305 1014 qui
1330 957 1473 995 cum
1498 937 1743 996 floreret
1775 939 1946 997 omni
1972 933 2194 1015 genere
2209 937 2484 1010 virtutis,

280 1028 397 1088 hac
442 1033 651 1087 tamen
696 1027 818 1086 fuit
855 1027 1035 1087 laude
1074 1027 1459 1088 clarissimus.
1545 1029 1830 1088 Cleonem
1873 1028 2060 1089 etiam
2105 1029 2487 1106 temporibus

284 1121 425 1196 illis,
467 1121 889 1181 turbulentum
930 1119 1109 1178 illum
1156 1121 1403 1198 quidem
1429 1121 1644 1194 civem,
1683 1121 1792 1180 sed
1833 1125 2039 1180 tamen
2073 1123 2484 1199 eloquentem,

281 1219 527 1274 constat
552 1214 758 1274 fuisse.
839 1213 1006 1273 Huic
1046 1215 1213 1274 aetati
1251 1234 1541 1293 suppares
1581 1214 1948 1283 Alcibiades,
1981 1213 2225 1286 Critias,
2255 1215 2486 1274 Thera-

284 1325 525 1366 menes:
596 1306 819 1384 quibus
868 1306 1245 1383 temporibus
1298 1307 1466 1383 quod
1517 1305 1760 1365 dicendi
1813 1326 2009 1383 genus
2063 1306 2347 1385 viguerit,
2403 1293 2488 1366 ex

286 1397 657 1477 Thucydidis
688 1398 947 1476 scriptis,
988 1398 1097 1475 qui
1134 1397 1265 1475 ipse
1304 1405 1442 1458 tum
1477 1397 1615 1470 fuit,
1657 1398 1920 1477 intelligi
1957 1399 2218 1458 maxime
2259 1403 2484 1477 potest.

290 1491 567 1551 Grandes
630 1496 806 1552 erant
873 1491 1093 1565 verbis,
1139 1492 1335 1551 crebri
1389 1493 1726 1566 sententiis,
1781 1493 2225 1571 compressione
2275 1513 2488 1552 rerum

280 1587 526 1655 breves,.
541 1591 605 1645 et
629 1586 707 1646 ob
734 1603 867 1644 eam
892 1583 1088 1662 ipsam
1106 1603 1349 1644 causam
1372 1584 1682 1644 interdum
1707 1585 2080 1645 subobscuri.

406 1677 545 1752 Sed,
569 1682 641 1736 ut
654 1677 1031 1738 intellectum
1048 1681 1160 1749 est,
1178 1681 1472 1754 quantam
1489 1679 1618 1737 vim
1643 1677 1895 1738 haberet
1913 1683 2197 1738 accurata
2221 1681 2287 1738 et
2315 1676 2488 1736 facta

285 1769 729 1849 quodammodo
770 1769 980 1840 oratio,
1024 1773 1160 1827 tum
1200 1769 1387 1828 etiam
1434 1769 1716 1847 magistri
1757 1769 2002 1830 dicendi
2047 1770 2228 1828 multi
2271 1769 2482 1830 subito

290 1864 684 1936 exstiterunt3
711 1866 845 1920 tum
862 1861 1195 1919 Leontinus
1214 1859 1488 1938 Gorgias,
1511 1861 1998 1940 Thrasymachus
2019 1862 2488 1935 Chalcedonius,

292 1955 659 2034 Protagoras
712 1953 1055 2023 Abderitae,
1104 1951 1365 2030 Hippias
1411 1952 1618 2025 Eleus,
1666 1952 1733 2010 in
1775 1953 2002 2012 honore
2047 1972 2271 2030 magno
2316 1952 2441 2010 fuit
2459 1973 2486 2025 3

292 2048 517 2125 aliique
541 2047 722 2105 multi
748 2045 1122 2124 temporibus
1148 2044 1363 2103 iisdem
1392 2045 1605 2105 docere
1633 2064 1696 2105 se
1716 2046 2176 2124 profitebantur,
2196 2064 2488 2123 arrogan-

295 2143 465 2202 tibus
512 2160 657 2200 sane
702 2139 921 2210 verbis,
968 2138 1478 2215 quemadmodum
1525 2158 1707 2199 causa
1747 2139 2001 2199 inferior
2048 2138 2311 2199 dicendo
2353 2139 2492 2197 fieri

298 2234 576 2315 superior
602 2230 1032 2312 posset—010.
1062 2232 1300 2304 Brutus,
1328 2229 1380 2305 7,
1410 2231 1466 2291 8.

1334 2451 1450 2511 ΧΙ.

410 2592 711 2652 Isocrates
737 2590 865 2668 ipse
891 2586 1137 2665 scripsit
1164 2586 1359 2645 multa
1383 2587 1670 2666 praeclare
1695 2591 1758 2647 et
1784 2587 1994 2649 docuit
2019 2588 2170 2647 alios
2191 2611 2207 2661 ;
2247 2591 2310 2647 et
2337 2607 2484 2647 cum

292 2691 494 2749 cetera
530 2684 747 2745 melius
788 2702 973 2762 quam
1012 2680 1367 2758 superiores,
1397 2684 1533 2738 tum
1578 2681 1809 2759 primus
1847 2681 2150 2741 intellexit
2192 2682 2378 2741 etiam
2419 2682 2490 2741 in

299 2778 497 2841 soluta
522 2778 809 2849 oratione,
830 2777 979 2835 dum
1004 2793 1247 2834 versum
1263 2772 1572 2851 effugeres,
1593 2775 1845 2833 modum
1860 2778 2062 2833 tamen
2080 2780 2142 2833 et
2161 2793 2492 2834 numerum

291 2874 614 2951 quemdam
656 2872 933 2947 oportere
967 2865 1215 2926 servari.
1312 2866 1480 2923 Ante
1524 2865 1687 2925 hunc
1729 2866 1892 2924 enim
1937 2867 2265 2925 verborum
2310 2866 2490 2944 quasi

286 2969 613 3035 structura,
643 2966 709 3021 et
732 2959 1006 3038 quaedam
1032 2958 1112 3015 ad
1136 2976 1458 3024 numerum
1495 2956 1818 3029 conclusio,
1845 2957 2016 3017 nulla
2057 2963 2191 3017 erat
2220 2982 2235 3031 ;
2279 2962 2404 3029 aut,
2431 2958 2486 3016 si

282 3056 530 3137 quando
554 3058 703 3127 erat,
719 3073 845 3111 non
871 3048 1202 3128 apparebat
1226 3060 1363 3107 eam·
1379 3046 1586 3107 dedita
1605 3046 1786 3126 opera
1800 3068 1932 3107 esse
1949 3050 2270 3126 quaesitam
2294 3074 2310 3109 t
2341 3069 2482 3127 quae

294 3149 553 3210 forsitan
591 3146 727 3205 laus
766 3144 884 3215 sit;
923 3145 1344 3202 verumtamen
1379 3138 1598 3198 natura
1637 3140 1833 3217 magis
1864 3145 2002 3199 tum
2039 3160 2304 3219 casuque
2335 3160 2486 3201 non-

292 3260 607 3321 nunquam
634 3257 819 3316 quam
844 3239 955 3295 aut
979 3236 1219 3295 ratione
1242 3234 1448 3312 aliqua
1471 3238 1582 3292 aut
1612 3234 2034 3295 observatione
2061 3234 2261 3295 fiebat.
2344 3235 2490 3315 Ipsa

292 3339 459 3399 enim
496 3336 721 3393 natura
758 3327 1313 3405 circumscriptione
1359 3325 1622 3403 quadam
1662 3327 1989 3386 verborum
2029 3328 2490 3407 comprehendit

291 3427 717 3503 concluditque
762 3420 1149 3493 sententiam,
1194 3438 1327 3496 quae
1380 3438 1520 3479 cum
1559 3418 1720 3496 aptis
1759 3420 2094 3479 constricta
2130 3420 2334 3479 verbis
2372 3426 2488 3494 est,

287 3522 454 3585 cadit
503 3519 689 3579 etiam
740 3514 1099 3594 plerumque
1139 3530 1474 3571 numerose.
1573 3510 1736 3569 Nam
1789 3516 1853 3571 et
1899 3530 2078 3571 aures
2127 3511 2291 3589 ipsae,
2338 3511 2490 3589 quid

284 3617 555 3696 plenum,
592 3607 745 3688 quid
785 3606 969 3665 inane
1012 3603 1113 3678 sit,
1153 3602 1455 3681 judicant,
1504 3605 1569 3661 et
1617 3603 1860 3680 spiritu,
1909 3604 2085 3680 quasi
2127 3604 2490 3665 necessitate

285 3704 505 3784 aliqua,
549 3702 873 3763 verborum
917 3694 1370 3774 comprehensio
1412 3694 1806 3755 terminatur:
1849 3694 1915 3752 in
1965 3714 2086 3772 quo
2131 3716 2256 3756 non
2304 3696 2486 3756 modo

283 3798 478 3871 defici,
510 3795 616 3855 sed
638 3794 825 3853 etiam
852 3790 1123 3851 laborare
1148 3792 1331 3865 turpe
1356 3792 1470 3847 est.
