<?xml version="1.0" encoding="UTF-8"?>
<!DOCTYPE html PUBLIC "-//W3C//DTD XHTML 1.0 Transitional//EN"
    "http://www.w3.org/TR/xhtml1/DTD/xhtml1-transitional.dtd">
<html xmlns="http://www.w3.org/1999/xhtml" xml:lang="en" lang="en">
 <head>
  <title>
</title>
<meta http-equiv="Content-Type" content="text/html;charset=utf-8" />
  <meta name='ocr-system' content='tesseract 3.04.00' />
  <meta name='ocr-capabilities' content='ocr_page ocr_carea ocr_par ocr_line ocrx_word'/>
</head>
<body>
  <div class='ocr_page' id='page_1' title='image "./akeytomanuallat00wilkgoog_0035.png"; bbox 0 0 2744 4138; ppageno 0'>
   <div class='ocr_carea' id='block_1_1' title="bbox 295 157 1884 218">
    <p class='ocr_par' dir='ltr' id='par_1_1' title="bbox 295 157 1884 218">
     <span class='ocr_line' id='line_1_1' title="bbox 295 157 1884 218; baseline 0.001 -2"><span class='ocrx_word' id='word_1_1' title='bbox 295 157 381 216; x_wconf 85' lang='lat'><strong>24</strong></span> <span class='ocrx_word' id='word_1_2' title='bbox 911 171 1039 216; x_wconf 72' lang='lat' dir='ltr'><strong>nr</strong></span> <span class='ocrx_word' id='word_1_3' title='bbox 1084 171 1159 217; x_wconf 80' lang='grc'><strong>10</strong></span> <span class='ocrx_word' id='word_1_4' title='bbox 1206 172 1328 216; x_wconf 74' lang='lat' dir='ltr'><strong>:ms</strong></span> <span class='ocrx_word' id='word_1_5' title='bbox 1372 171 1558 217; x_wconf 73' lang='grc'><strong>111111</strong></span> <span class='ocrx_word' id='word_1_6' title='bbox 1603 171 1884 218; x_wconf 64' lang='lat' dir='ltr'><strong>inmun..</strong></span> 
     </span>
    </p>
   </div>
   <div class='ocr_carea' id='block_1_2' title="bbox 284 317 2497 1692">
    <p class='ocr_par' dir='ltr' id='par_1_2' title="bbox 284 317 2497 1692">
     <span class='ocr_line' id='line_1_2' title="bbox 292 317 2494 399; baseline 0 -21"><span class='ocrx_word' id='word_1_7' title='bbox 292 317 734 399; x_wconf 76' lang='lat' dir='ltr'><strong>suspiciendam</strong></span> <span class='ocrx_word' id='word_1_8' title='bbox 813 319 1350 397; x_wconf 77' lang='lat' dir='ltr'><strong>admirandamque</strong></span> <span class='ocrx_word' id='word_1_9' title='bbox 1410 319 1725 379; x_wconf 89' lang='lat' dir='ltr'><strong>hominum</strong></span> <span class='ocrx_word' id='word_1_10' title='bbox 1803 319 2014 398; x_wconf 78' lang='lat' dir='ltr'><strong>generi</strong></span> <span class='ocrx_word' id='word_1_11' title='bbox 2091 318 2494 398; x_wconf 70' lang='lat' dir='ltr'><strong>pulchritudo</strong></span> 
     </span>
     <span class='ocr_line' id='line_1_3' title="bbox 290 411 2488 490; baseline 0.001 -21"><span class='ocrx_word' id='word_1_12' title='bbox 290 412 511 469; x_wconf 90' lang='lat' dir='ltr'><strong>mundi</strong></span> <span class='ocrx_word' id='word_1_13' title='bbox 537 411 807 488; x_wconf 89' lang='lat' dir='ltr'><strong>ordoque</strong></span> <span class='ocrx_word' id='word_1_14' title='bbox 834 432 1039 470; x_wconf 85' lang='lat' dir='ltr'><strong>rerum</strong></span> <span class='ocrx_word' id='word_1_15' title='bbox 1069 413 1400 472; x_wconf 71' lang='lat' dir='ltr'><strong>caelestium</strong></span> <span class='ocrx_word' id='word_1_16' title='bbox 1428 412 1596 490; x_wconf 87' lang='lat' dir='ltr'><strong>cogit</strong></span> <span class='ocrx_word' id='word_1_17' title='bbox 1633 411 1926 472; x_wconf 87' lang='lat' dir='ltr'><strong>confiteri.</strong></span> <span class='ocrx_word' id='word_1_18' title='bbox 2007 411 2206 486; x_wconf 82' lang='lat' dir='ltr'><strong>Quam</strong></span> <span class='ocrx_word' id='word_1_19' title='bbox 2231 411 2308 472; x_wconf 93' lang='lat' dir='ltr'><strong>ob</strong></span> <span class='ocrx_word' id='word_1_20' title='bbox 2333 431 2488 482; x_wconf 77' lang='lat' dir='ltr'><strong>rem,</strong></span> 
     </span>
     <span class='ocr_line' id='line_1_4' title="bbox 290 503 2496 582; baseline 0.001 -22"><span class='ocrx_word' id='word_1_21' title='bbox 290 509 362 561; x_wconf 88' lang='lat' dir='ltr'><strong>ut</strong></span> <span class='ocrx_word' id='word_1_22' title='bbox 389 503 603 581; x_wconf 87' lang='lat' dir='ltr'><strong>religio</strong></span> <span class='ocrx_word' id='word_1_23' title='bbox 632 503 1022 581; x_wconf 85' lang='lat' dir='ltr'><strong>propaganda</strong></span> <span class='ocrx_word' id='word_1_24' title='bbox 1060 504 1245 563; x_wconf 89' lang='lat' dir='ltr'><strong>etiam</strong></span> <span class='ocrx_word' id='word_1_25' title='bbox 1284 508 1396 575; x_wconf 88' lang='lat' dir='ltr'><strong>est,</strong></span> <span class='ocrx_word' id='word_1_26' title='bbox 1427 524 1559 581; x_wconf 81' lang='lat' dir='ltr'><strong>quoe</strong></span> <span class='ocrx_word' id='word_1_27' title='bbox 1583 509 1677 562; x_wconf 90' lang='lat' dir='ltr'><strong>est</strong></span> <span class='ocrx_word' id='word_1_28' title='bbox 1713 505 1930 582; x_wconf 84' lang='lat' dir='ltr'><strong>juncta</strong></span> <span class='ocrx_word' id='word_1_29' title='bbox 1961 523 2102 562; x_wconf 89' lang='lat' dir='ltr'><strong>cum</strong></span> <span class='ocrx_word' id='word_1_30' title='bbox 2139 503 2496 582; x_wconf 73' lang='lat' dir='ltr'><strong>cognitione</strong></span> 
     </span>
     <span class='ocr_line' id='line_1_5' title="bbox 290 595 2494 674; baseline 0 -21"><span class='ocrx_word' id='word_1_31' title='bbox 290 600 537 668; x_wconf 84' lang='lat' dir='ltr'><strong>naturoe,</strong></span> <span class='ocrx_word' id='word_1_32' title='bbox 582 597 669 656; x_wconf 89' lang='lat' dir='ltr'><strong>sic</strong></span> <span class='ocrx_word' id='word_1_33' title='bbox 709 596 1157 673; x_wconf 72' lang='lat' dir='ltr'><strong>superstitionis</strong></span> <span class='ocrx_word' id='word_1_34' title='bbox 1199 596 1418 673; x_wconf 78' lang='lat' dir='ltr'><strong>stirpes</strong></span> <span class='ocrx_word' id='word_1_35' title='bbox 1445 616 1653 655; x_wconf 90' lang='lat' dir='ltr'><strong>omnes</strong></span> <span class='ocrx_word' id='word_1_36' title='bbox 1691 595 2015 674; x_wconf 78' lang='lat' dir='ltr'><strong>ejiciendae.</strong></span> <span class='ocrx_word' id='word_1_37' title='bbox 2099 596 2300 656; x_wconf 86' lang='lat' dir='ltr'><strong>Instat</strong></span> <span class='ocrx_word' id='word_1_38' title='bbox 2323 595 2494 656; x_wconf 87' lang='lat' dir='ltr'><strong>enim</strong></span> 
     </span>
     <span class='ocr_line' id='line_1_6' title="bbox 292 689 2494 766; baseline -0 -19"><span class='ocrx_word' id='word_1_39' title='bbox 292 697 353 747; x_wconf 92' lang='lat' dir='ltr'><strong>et</strong></span> <span class='ocrx_word' id='word_1_40' title='bbox 393 694 593 766; x_wconf 86' lang='lat' dir='ltr'><strong>urget,</strong></span> <span class='ocrx_word' id='word_1_41' title='bbox 623 692 703 760; x_wconf 91' lang='lat' dir='ltr'><strong>et,</strong></span> <span class='ocrx_word' id='word_1_42' title='bbox 734 708 852 765; x_wconf 89' lang='lat' dir='ltr'><strong>quo</strong></span> <span class='ocrx_word' id='word_1_43' title='bbox 890 693 953 747; x_wconf 90' lang='lat' dir='ltr'><strong>te</strong></span> <span class='ocrx_word' id='word_1_44' title='bbox 994 709 1236 766; x_wconf 90' lang='lat' dir='ltr'><strong>cunque</strong></span> <span class='ocrx_word' id='word_1_45' title='bbox 1274 690 1547 761; x_wconf 82' lang='lat' dir='ltr'><strong>verteris,</strong></span> <span class='ocrx_word' id='word_1_46' title='bbox 1578 690 1976 766; x_wconf 88' lang='lat' dir='ltr'><strong>persequitur,</strong></span> <span class='ocrx_word' id='word_1_47' title='bbox 2007 689 2134 748; x_wconf 79' lang='lat' dir='ltr'><strong>sive</strong></span> <span class='ocrx_word' id='word_1_48' title='bbox 2172 694 2243 748; x_wconf 90' lang='lat' dir='ltr'><strong>tu</strong></span> <span class='ocrx_word' id='word_1_49' title='bbox 2281 693 2494 748; x_wconf 87' lang='lat' dir='ltr'><strong>vatem</strong></span> 
     </span>
     <span class='ocr_line' id='line_1_7' title="bbox 291 781 2493 860; baseline 0 -22"><span class='ocrx_word' id='word_1_50' title='bbox 291 781 420 839; x_wconf 84' lang='lat' dir='ltr'><strong>sive</strong></span> <span class='ocrx_word' id='word_1_51' title='bbox 458 785 529 838; x_wconf 87' lang='lat' dir='ltr'><strong>tu</strong></span> <span class='ocrx_word' id='word_1_52' title='bbox 568 799 743 839; x_wconf 89' lang='lat' dir='ltr'><strong>omen</strong></span> <span class='ocrx_word' id='word_1_53' title='bbox 782 781 1065 852; x_wconf 81' lang='grc'><strong>0111110110,</strong></span> <span class='ocrx_word' id='word_1_54' title='bbox 1109 781 1237 840; x_wconf 87' lang='lat' dir='ltr'><strong>sive</strong></span> <span class='ocrx_word' id='word_1_55' title='bbox 1275 781 1606 839; x_wconf 88' lang='lat' dir='ltr'><strong>immolaris</strong></span> <span class='ocrx_word' id='word_1_56' title='bbox 1648 782 1777 839; x_wconf 85' lang='lat' dir='ltr'><strong>sive</strong></span> <span class='ocrx_word' id='word_1_57' title='bbox 1817 801 1991 841; x_wconf 84' lang='lat' dir='ltr'><strong>avem</strong></span> <span class='ocrx_word' id='word_1_58' title='bbox 2032 781 2371 860; x_wconf 82' lang='lat' dir='ltr'><strong>aspexeris:</strong></span> <span class='ocrx_word' id='word_1_59' title='bbox 2431 781 2493 840; x_wconf 88' lang='lat' dir='ltr'><strong>si</strong></span> 
     </span>
     <span class='ocr_line' id='line_1_8' title="bbox 292 871 2492 950; baseline -0 -18"><span class='ocrx_word' id='word_1_60' title='bbox 292 871 658 943; x_wconf 71' lang='lat' dir='ltr'><strong>Chaldaeum,</strong></span> <span class='ocrx_word' id='word_1_61' title='bbox 714 872 769 930; x_wconf 90' lang='lat' dir='ltr'><strong>si</strong></span> <span class='ocrx_word' id='word_1_62' title='bbox 820 873 1203 950; x_wconf 84' lang='lat' dir='ltr'><strong>haruspicem</strong></span> <span class='ocrx_word' id='word_1_63' title='bbox 1256 873 1524 932; x_wconf 82' lang='lat' dir='ltr'><strong>videris:</strong></span> <span class='ocrx_word' id='word_1_64' title='bbox 1568 873 1621 932; x_wconf 91' lang='lat' dir='ltr'><strong>si</strong></span> <span class='ocrx_word' id='word_1_65' title='bbox 1669 872 1927 944; x_wconf 85' lang='lat' dir='ltr'><strong>fulserit,</strong></span> <span class='ocrx_word' id='word_1_66' title='bbox 1977 873 2029 932; x_wconf 91' lang='lat' dir='ltr'><strong>si</strong></span> <span class='ocrx_word' id='word_1_67' title='bbox 2072 874 2383 938; x_wconf 82' lang='lat' dir='ltr'><strong>tonuerit:</strong></span> <span class='ocrx_word' id='word_1_68' title='bbox 2429 873 2492 931; x_wconf 88' lang='lat' dir='ltr'><strong>si</strong></span> 
     </span>
     <span class='ocr_line' id='line_1_9' title="bbox 288 968 2494 1045; baseline 0.001 -20"><span class='ocrx_word' id='word_1_69' title='bbox 288 972 525 1028; x_wconf 89' lang='lat' dir='ltr'><strong>tactum</strong></span> <span class='ocrx_word' id='word_1_70' title='bbox 563 968 794 1045; x_wconf 87' lang='lat' dir='ltr'><strong>aliquid</strong></span> <span class='ocrx_word' id='word_1_71' title='bbox 835 968 950 1027; x_wconf 90' lang='lat' dir='ltr'><strong>erit</strong></span> <span class='ocrx_word' id='word_1_72' title='bbox 983 969 1057 1028; x_wconf 93' lang='lat' dir='ltr'><strong>de</strong></span> <span class='ocrx_word' id='word_1_73' title='bbox 1092 969 1271 1028; x_wconf 84' lang='lat' dir='ltr'><strong>caelo:</strong></span> <span class='ocrx_word' id='word_1_74' title='bbox 1316 969 1369 1027; x_wconf 91' lang='lat' dir='ltr'><strong>si</strong></span> <span class='ocrx_word' id='word_1_75' title='bbox 1395 968 1637 1028; x_wconf 82' lang='lat' dir='ltr'><strong>ostenti</strong></span> <span class='ocrx_word' id='word_1_76' title='bbox 1677 968 1876 1028; x_wconf 88' lang='lat' dir='ltr'><strong>simile</strong></span> <span class='ocrx_word' id='word_1_77' title='bbox 1915 973 2133 1028; x_wconf 86' lang='lat' dir='ltr'><strong>natum</strong></span> <span class='ocrx_word' id='word_1_78' title='bbox 2170 968 2494 1028; x_wconf 86' lang='lat' dir='ltr'><strong>factumve</strong></span> 
     </span>
     <span class='ocr_line' id='line_1_10' title="bbox 288 1060 2490 1139; baseline 0 -21"><span class='ocrx_word' id='word_1_79' title='bbox 288 1061 635 1138; x_wconf 86' lang='lat' dir='ltr'><strong>quidpiam:</strong></span> <span class='ocrx_word' id='word_1_80' title='bbox 692 1080 949 1137; x_wconf 87' lang='lat' dir='ltr'><strong>quorum</strong></span> <span class='ocrx_word' id='word_1_81' title='bbox 988 1081 1231 1121; x_wconf 90' lang='lat' dir='ltr'><strong>necesse</strong></span> <span class='ocrx_word' id='word_1_82' title='bbox 1271 1067 1366 1120; x_wconf 83' lang='lat' dir='ltr'><strong>est</strong></span> <span class='ocrx_word' id='word_1_83' title='bbox 1405 1063 1760 1139; x_wconf 89' lang='lat' dir='ltr'><strong>plerumque</strong></span> <span class='ocrx_word' id='word_1_84' title='bbox 1799 1060 2029 1138; x_wconf 88' lang='lat' dir='ltr'><strong>aliquid</strong></span> <span class='ocrx_word' id='word_1_85' title='bbox 2071 1061 2348 1120; x_wconf 82' lang='lat' dir='ltr'><strong>eveniat:</strong></span> <span class='ocrx_word' id='word_1_86' title='bbox 2406 1065 2490 1120; x_wconf 82' lang='lat' dir='ltr'><strong>ut</strong></span> 
     </span>
     <span class='ocr_line' id='line_1_11' title="bbox 288 1152 2491 1230; baseline 0.002 -22"><span class='ocrx_word' id='word_1_87' title='bbox 288 1172 599 1228; x_wconf 86' lang='lat' dir='ltr'><strong>nunquam</strong></span> <span class='ocrx_word' id='word_1_88' title='bbox 655 1153 831 1210; x_wconf 91' lang='lat' dir='ltr'><strong>liceat</strong></span> <span class='ocrx_word' id='word_1_89' title='bbox 885 1153 1087 1230; x_wconf 62' lang='lat' dir='ltr'><strong>quieta</strong></span> <span class='ocrx_word' id='word_1_90' title='bbox 1138 1158 1343 1212; x_wconf 86' lang='lat' dir='ltr'><strong>mente</strong></span> <span class='ocrx_word' id='word_1_91' title='bbox 1396 1152 1747 1213; x_wconf 72' lang='lat' dir='ltr'><strong>consistere.</strong></span> <span class='ocrx_word' id='word_1_92' title='bbox 1827 1152 2188 1230; x_wconf 79' lang='lat' dir='ltr'><strong>Perfugium</strong></span> <span class='ocrx_word' id='word_1_93' title='bbox 2228 1153 2491 1212; x_wconf 84' lang='lat' dir='ltr'><strong>videtur</strong></span> 
     </span>
     <span class='ocr_line' id='line_1_12' title="bbox 284 1245 2484 1322; baseline 0.001 -20"><span class='ocrx_word' id='word_1_94' title='bbox 284 1246 556 1303; x_wconf 88' lang='lat' dir='ltr'><strong>omnium</strong></span> <span class='ocrx_word' id='word_1_95' title='bbox 594 1245 867 1304; x_wconf 87' lang='lat' dir='ltr'><strong>laborum</strong></span> <span class='ocrx_word' id='word_1_96' title='bbox 891 1252 955 1304; x_wconf 91' lang='lat' dir='ltr'><strong>et</strong></span> <span class='ocrx_word' id='word_1_97' title='bbox 982 1246 1433 1304; x_wconf 89' lang='lat' dir='ltr'><strong>solicitudinum</strong></span> <span class='ocrx_word' id='word_1_98' title='bbox 1475 1265 1602 1304; x_wconf 89' lang='lat' dir='ltr'><strong>esse</strong></span> <span class='ocrx_word' id='word_1_99' title='bbox 1639 1265 1904 1305; x_wconf 87' lang='lat' dir='ltr'><strong>somnus.</strong></span> <span class='ocrx_word' id='word_1_100' title='bbox 1985 1245 2072 1304; x_wconf 84' lang='lat' dir='ltr'><strong>At</strong></span> <span class='ocrx_word' id='word_1_101' title='bbox 2110 1265 2186 1304; x_wconf 85' lang='lat' dir='ltr'><strong>ex</strong></span> <span class='ocrx_word' id='word_1_102' title='bbox 2226 1265 2300 1304; x_wconf 92' lang='lat' dir='ltr'><strong>eo</strong></span> <span class='ocrx_word' id='word_1_103' title='bbox 2337 1245 2484 1322; x_wconf 88' lang='lat' dir='ltr'><strong>ipso</strong></span> 
     </span>
     <span class='ocr_line' id='line_1_13' title="bbox 286 1330 2494 1416; baseline 0.002 -22"><span class='ocrx_word' id='word_1_104' title='bbox 286 1337 562 1416; x_wconf 68' lang='lat' dir='ltr'><strong>plurimae</strong></span> <span class='ocrx_word' id='word_1_105' title='bbox 591 1356 749 1396; x_wconf 82' lang='lat' dir='ltr'><strong>curae</strong></span> <span class='ocrx_word' id='word_1_106' title='bbox 776 1343 1092 1416; x_wconf 89' lang='lat' dir='ltr'><strong>metusque</strong></span> <span class='ocrx_word' id='word_1_107' title='bbox 1118 1330 1474 1409; x_wconf 82' lang='lat' dir='ltr'><strong>nascuntur,</strong></span> <span class='ocrx_word' id='word_1_108' title='bbox 1503 1339 1610 1416; x_wconf 92' lang='lat' dir='ltr'><strong>qui</strong></span> <span class='ocrx_word' id='word_1_109' title='bbox 1636 1338 1883 1416; x_wconf 88' lang='lat' dir='ltr'><strong>quidem</strong></span> <span class='ocrx_word' id='word_1_110' title='bbox 1909 1339 2028 1416; x_wconf 88' lang='lat' dir='ltr'><strong>ipsi</strong></span> <span class='ocrx_word' id='word_1_111' title='bbox 2053 1359 2164 1416; x_wconf 89' lang='lat' dir='ltr'><strong>per</strong></span> <span class='ocrx_word' id='word_1_112' title='bbox 2189 1357 2252 1396; x_wconf 89' lang='lat' dir='ltr'><strong>se</strong></span> <span class='ocrx_word' id='word_1_113' title='bbox 2279 1337 2494 1398; x_wconf 81' lang='lat' dir='ltr'><strong>minus</strong></span> 
     </span>
     <span class='ocr_line' id='line_1_14' title="bbox 285 1430 2489 1509; baseline 0 -21"><span class='ocrx_word' id='word_1_114' title='bbox 285 1430 574 1500; x_wconf 85' lang='lat' dir='ltr'><strong>valerent,</strong></span> <span class='ocrx_word' id='word_1_115' title='bbox 618 1430 735 1488; x_wconf 91' lang='grc'><strong>11101</strong></span> <span class='ocrx_word' id='word_1_116' title='bbox 776 1431 1145 1489; x_wconf 86' lang='lat' dir='ltr'><strong>somniorum</strong></span> <span class='ocrx_word' id='word_1_117' title='bbox 1196 1431 1604 1507; x_wconf 86' lang='lat' dir='ltr'><strong>patrocinium</strong></span> <span class='ocrx_word' id='word_1_118' title='bbox 1655 1430 2002 1509; x_wconf 87' lang='lat' dir='ltr'><strong>philosophi</strong></span> <span class='ocrx_word' id='word_1_119' title='bbox 2056 1431 2489 1508; x_wconf 85' lang='lat' dir='ltr'><strong>suscepissent,</strong></span> 
     </span>
     <span class='ocr_line' id='line_1_15' title="bbox 286 1521 2497 1601; baseline 0.003 -23"><span class='ocrx_word' id='word_1_120' title='bbox 286 1541 401 1580; x_wconf 90' lang='lat' dir='ltr'><strong>nec</strong></span> <span class='ocrx_word' id='word_1_121' title='bbox 426 1521 469 1579; x_wconf 93' lang='lat' dir='ltr'><strong>ii</strong></span> <span class='ocrx_word' id='word_1_122' title='bbox 498 1522 745 1600; x_wconf 90' lang='lat' dir='ltr'><strong>quidem</strong></span> <span class='ocrx_word' id='word_1_123' title='bbox 764 1521 1287 1599; x_wconf 87' lang='lat' dir='ltr'><strong>contemptissimi,</strong></span> <span class='ocrx_word' id='word_1_124' title='bbox 1305 1523 1412 1582; x_wconf 90' lang='lat' dir='ltr'><strong>sed</strong></span> <span class='ocrx_word' id='word_1_125' title='bbox 1440 1523 1505 1580; x_wconf 90' lang='lat' dir='ltr'><strong>in</strong></span> <span class='ocrx_word' id='word_1_126' title='bbox 1533 1523 1747 1601; x_wconf 84' lang='lat' dir='ltr'><strong>primis</strong></span> <span class='ocrx_word' id='word_1_127' title='bbox 1775 1523 1956 1597; x_wconf 85' lang='lat' dir='ltr'><strong>acuti,</strong></span> <span class='ocrx_word' id='word_1_128' title='bbox 1977 1528 2039 1582; x_wconf 90' lang='lat' dir='ltr'><strong>et</strong></span> <span class='ocrx_word' id='word_1_129' title='bbox 2058 1523 2497 1600; x_wconf 80' lang='lat' dir='ltr'><strong>consequentia</strong></span> 
     </span>
     <span class='ocr_line' id='line_1_16' title="bbox 290 1613 1860 1692; baseline 0 -18"><span class='ocrx_word' id='word_1_130' title='bbox 290 1621 350 1674; x_wconf 88' lang='lat' dir='ltr'><strong>et</strong></span> <span class='ocrx_word' id='word_1_131' title='bbox 377 1614 781 1692; x_wconf 86' lang='lat' dir='ltr'><strong>repugnantia</strong></span> <span class='ocrx_word' id='word_1_132' title='bbox 804 1614 1312 1675; x_wconf 66' lang='lat' dir='ltr'><strong>videntes—Clo.</strong></span> <span class='ocrx_word' id='word_1_133' title='bbox 1344 1615 1413 1674; x_wconf 83' lang='lat' dir='ltr'><strong>de</strong></span> <span class='ocrx_word' id='word_1_134' title='bbox 1438 1616 1638 1674; x_wconf 69' lang='lat' dir='ltr'><strong>Dicin.</strong></span> <span class='ocrx_word' id='word_1_135' title='bbox 1668 1623 1733 1674; x_wconf 89' lang='lat'><strong>11&#39;.</strong></span> <span class='ocrx_word' id='word_1_136' title='bbox 1767 1613 1860 1674; x_wconf 85' lang='lat'><strong>72.</strong></span> 
     </span>
    </p>
   </div>
   <div class='ocr_carea' id='block_1_3' title="bbox 1215 1833 1552 1893">
    <p class='ocr_par' dir='ltr' id='par_1_3' title="bbox 1215 1833 1552 1893">
     <span class='ocr_line' id='line_1_17' title="bbox 1215 1833 1552 1893; baseline 0.003 -2"><span class='ocrx_word' id='word_1_137' title='bbox 1215 1833 1552 1893; x_wconf 88' lang='lat' dir='ltr'>XXXVII.</span> 
     </span>
    </p>
   </div>
   <div class='ocr_carea' id='block_1_4' title="bbox 290 1975 2490 3906">
    <p class='ocr_par' dir='ltr' id='par_1_4' title="bbox 290 1975 2490 3906">
     <span class='ocr_line' id='line_1_18' title="bbox 410 1975 2490 2055; baseline 0 -20"><span class='ocrx_word' id='word_1_138' title='bbox 410 1976 795 2055; x_wconf 79' lang='lat' dir='ltr'><strong>Quamquam</strong></span> <span class='ocrx_word' id='word_1_139' title='bbox 822 1975 1166 2053; x_wconf 90' lang='lat' dir='ltr'><strong>philosophi</strong></span> <span class='ocrx_word' id='word_1_140' title='bbox 1193 1975 1440 2053; x_wconf 87' lang='lat' dir='ltr'><strong>quidam</strong></span> <span class='ocrx_word' id='word_1_141' title='bbox 1480 1980 1690 2036; x_wconf 84' lang='lat' dir='ltr'><strong>ornate</strong></span> <span class='ocrx_word' id='word_1_142' title='bbox 1729 1976 1919 2034; x_wconf 91' lang='lat' dir='ltr'><strong>locuti</strong></span> <span class='ocrx_word' id='word_1_143' title='bbox 1959 1976 2490 2054; x_wconf 81' lang='lat' dir='ltr'><strong>sunt—siquidem</strong></span> 
     </span>
     <span class='ocr_line' id='line_1_19' title="bbox 290 2066 2490 2145; baseline 0 -18"><span class='ocrx_word' id='word_1_144' title='bbox 290 2066 742 2145; x_wconf 85' lang='lat' dir='ltr'><strong>Theophrastus</strong></span> <span class='ocrx_word' id='word_1_145' title='bbox 784 2067 1104 2126; x_wconf 85' lang='lat' dir='ltr'><strong>divinitate</strong></span> <span class='ocrx_word' id='word_1_146' title='bbox 1144 2066 1386 2126; x_wconf 89' lang='lat' dir='ltr'><strong>dicendi</strong></span> <span class='ocrx_word' id='word_1_147' title='bbox 1425 2088 1650 2127; x_wconf 92' lang='lat' dir='ltr'><strong>nomen</strong></span> <span class='ocrx_word' id='word_1_148' title='bbox 1702 2067 1956 2138; x_wconf 88' lang='lat' dir='ltr'><strong>invenit,</strong></span> <span class='ocrx_word' id='word_1_149' title='bbox 2011 2072 2074 2126; x_wconf 91' lang='lat' dir='ltr'><strong>et</strong></span> <span class='ocrx_word' id='word_1_150' title='bbox 2126 2067 2490 2128; x_wconf 82' lang='lat' dir='ltr'><strong>Aristoteles</strong></span> 
     </span>
     <span class='ocr_line' id='line_1_20' title="bbox 291 2159 2490 2238; baseline 0 -20"><span class='ocrx_word' id='word_1_151' title='bbox 291 2161 623 2220; x_wconf 87' lang='lat' dir='ltr'><strong>Isocratem</strong></span> <span class='ocrx_word' id='word_1_152' title='bbox 661 2160 863 2237; x_wconf 90' lang='lat' dir='ltr'><strong>ipsum</strong></span> <span class='ocrx_word' id='word_1_153' title='bbox 900 2159 1225 2229; x_wconf 82' lang='lat' dir='ltr'><strong>lacessivit,</strong></span> <span class='ocrx_word' id='word_1_154' title='bbox 1254 2163 1319 2217; x_wconf 88' lang='lat' dir='ltr'><strong>et</strong></span> <span class='ocrx_word' id='word_1_155' title='bbox 1355 2160 1782 2238; x_wconf 88' lang='lat' dir='ltr'><strong>Xenophontis</strong></span> <span class='ocrx_word' id='word_1_156' title='bbox 1810 2180 1957 2231; x_wconf 82' lang='lat' dir='ltr'><strong>voce</strong></span> <span class='ocrx_word' id='word_1_157' title='bbox 1998 2160 2208 2218; x_wconf 87' lang='lat' dir='ltr'><strong>Musas</strong></span> <span class='ocrx_word' id='word_1_158' title='bbox 2249 2161 2490 2219; x_wconf 84' lang='lat' dir='ltr'><strong>locutas</strong></span> 
     </span>
     <span class='ocr_line' id='line_1_21' title="bbox 290 2251 2490 2328; baseline 0 -17"><span class='ocrx_word' id='word_1_159' title='bbox 290 2252 790 2311; x_wconf 82' lang='lat' dir='ltr'><strong>ferunt—tamen</strong></span> <span class='ocrx_word' id='word_1_160' title='bbox 815 2251 1033 2309; x_wconf 89' lang='lat' dir='ltr'><strong>horum</strong></span> <span class='ocrx_word' id='word_1_161' title='bbox 1060 2252 1253 2309; x_wconf 89' lang='lat' dir='ltr'><strong>oratio</strong></span> <span class='ocrx_word' id='word_1_162' title='bbox 1280 2272 1478 2328; x_wconf 89' lang='lat' dir='ltr'><strong>neque</strong></span> <span class='ocrx_word' id='word_1_163' title='bbox 1516 2270 1736 2311; x_wconf 82' lang='lat' dir='ltr'><strong>nervos</strong></span> <span class='ocrx_word' id='word_1_164' title='bbox 1775 2272 1970 2328; x_wconf 87' lang='lat' dir='ltr'><strong>neque</strong></span> <span class='ocrx_word' id='word_1_165' title='bbox 2009 2253 2248 2311; x_wconf 84' lang='lat' dir='ltr'><strong>aculeos</strong></span> <span class='ocrx_word' id='word_1_166' title='bbox 2288 2256 2490 2311; x_wconf 76' lang='lat' dir='ltr'><strong>orato—</strong></span> 
     </span>
     <span class='ocr_line' id='line_1_22' title="bbox 292 2330 2490 2419; baseline -0.001 -15"><span class='ocrx_word' id='word_1_167' title='bbox 292 2345 414 2404; x_wconf 90' lang='lat' dir='ltr'><strong>rios</strong></span> <span class='ocrx_word' id='word_1_168' title='bbox 443 2364 515 2404; x_wconf 90' lang='lat' dir='ltr'><strong>ac</strong></span> <span class='ocrx_word' id='word_1_169' title='bbox 552 2330 822 2403; x_wconf 76' lang='lat' dir='ltr'><strong>forenses</strong></span> <span class='ocrx_word' id='word_1_170' title='bbox 861 2344 1062 2401; x_wconf 87' lang='lat' dir='ltr'><strong>habet.</strong></span> <span class='ocrx_word' id='word_1_171' title='bbox 1145 2343 1513 2419; x_wconf 86' lang='lat' dir='ltr'><strong>Loquuntur</strong></span> <span class='ocrx_word' id='word_1_172' title='bbox 1551 2362 1691 2400; x_wconf 89' lang='lat' dir='ltr'><strong>cum</strong></span> <span class='ocrx_word' id='word_1_173' title='bbox 1730 2342 1946 2415; x_wconf 89' lang='lat' dir='ltr'><strong>doctis,</strong></span> <span class='ocrx_word' id='word_1_174' title='bbox 1976 2362 2238 2419; x_wconf 86' lang='lat' dir='ltr'><strong>quorum</strong></span> <span class='ocrx_word' id='word_1_175' title='bbox 2278 2344 2490 2402; x_wconf 83' lang='lat' dir='ltr'><strong>sedare</strong></span> 
     </span>
     <span class='ocr_line' id='line_1_23' title="bbox 292 2434 2489 2512; baseline -0.001 -17"><span class='ocrx_word' id='word_1_176' title='bbox 292 2436 525 2496; x_wconf 89' lang='lat' dir='ltr'><strong>animos</strong></span> <span class='ocrx_word' id='word_1_177' title='bbox 551 2436 789 2495; x_wconf 87' lang='lat' dir='ltr'><strong>malunt</strong></span> <span class='ocrx_word' id='word_1_178' title='bbox 818 2454 1001 2512; x_wconf 89' lang='lat' dir='ltr'><strong>quam</strong></span> <span class='ocrx_word' id='word_1_179' title='bbox 1025 2434 1317 2507; x_wconf 79' lang='lat' dir='ltr'><strong>incitare,;</strong></span> <span class='ocrx_word' id='word_1_180' title='bbox 1360 2434 1448 2493; x_wconf 90' lang='lat' dir='ltr'><strong>sic</strong></span> <span class='ocrx_word' id='word_1_181' title='bbox 1490 2434 1565 2492; x_wconf 91' lang='lat' dir='ltr'><strong>de</strong></span> <span class='ocrx_word' id='word_1_182' title='bbox 1603 2434 1786 2493; x_wconf 92' lang='lat' dir='ltr'><strong>rebus</strong></span> <span class='ocrx_word' id='word_1_183' title='bbox 1827 2436 2083 2511; x_wconf 90' lang='lat' dir='ltr'><strong>placatis</strong></span> <span class='ocrx_word' id='word_1_184' title='bbox 2123 2456 2195 2494; x_wconf 87' lang='lat' dir='ltr'><strong>ac</strong></span> <span class='ocrx_word' id='word_1_185' title='bbox 2236 2436 2489 2494; x_wconf 89' lang='lat' dir='ltr'><strong>minime</strong></span> 
     </span>
     <span class='ocr_line' id='line_1_24' title="bbox 293 2526 2483 2606; baseline -0.001 -17"><span class='ocrx_word' id='word_1_186' title='bbox 293 2529 666 2589; x_wconf 87' lang='lat' dir='ltr'><strong>turbulentis</strong></span> <span class='ocrx_word' id='word_1_187' title='bbox 705 2528 959 2587; x_wconf 90' lang='lat' dir='ltr'><strong>docendi</strong></span> <span class='ocrx_word' id='word_1_188' title='bbox 986 2526 1181 2599; x_wconf 69' lang='lat' dir='ltr'><strong>causa,</strong></span> <span class='ocrx_word' id='word_1_189' title='bbox 1212 2548 1335 2586; x_wconf 87' lang='lat' dir='ltr'><strong>non</strong></span> <span class='ocrx_word' id='word_1_190' title='bbox 1363 2527 1643 2603; x_wconf 88' lang='lat' dir='ltr'><strong>capiendi</strong></span> <span class='ocrx_word' id='word_1_191' title='bbox 1668 2528 2016 2604; x_wconf 88' lang='lat' dir='ltr'><strong>loquuntur,</strong></span> <span class='ocrx_word' id='word_1_192' title='bbox 2049 2531 2118 2585; x_wconf 90' lang='lat' dir='ltr'><strong>ut</strong></span> <span class='ocrx_word' id='word_1_193' title='bbox 2142 2528 2208 2585; x_wconf 91' lang='lat' dir='ltr'><strong>in</strong></span> <span class='ocrx_word' id='word_1_194' title='bbox 2237 2548 2308 2587; x_wconf 91' lang='grc'><strong>00</strong></span> <span class='ocrx_word' id='word_1_195' title='bbox 2335 2529 2483 2606; x_wconf 90' lang='lat' dir='ltr'><strong>ipso,</strong></span> 
     </span>
     <span class='ocr_line' id='line_1_25' title="bbox 298 2618 2489 2699; baseline -0.001 -18"><span class='ocrx_word' id='word_1_196' title='bbox 298 2624 462 2699; x_wconf 90' lang='lat' dir='ltr'><strong>quod</strong></span> <span class='ocrx_word' id='word_1_197' title='bbox 488 2622 947 2682; x_wconf 89' lang='lat' dir='ltr'><strong>delectationem</strong></span> <span class='ocrx_word' id='word_1_198' title='bbox 975 2621 1239 2697; x_wconf 87' lang='lat' dir='ltr'><strong>aliquam</strong></span> <span class='ocrx_word' id='word_1_199' title='bbox 1280 2618 1535 2677; x_wconf 88' lang='lat' dir='ltr'><strong>dicendo</strong></span> <span class='ocrx_word' id='word_1_200' title='bbox 1575 2626 1970 2697; x_wconf 86' lang='lat' dir='ltr'><strong>aucupentur,</strong></span> <span class='ocrx_word' id='word_1_201' title='bbox 1999 2621 2140 2697; x_wconf 89' lang='lat' dir='ltr'><strong>plus</strong></span> <span class='ocrx_word' id='word_1_202' title='bbox 2180 2620 2489 2679; x_wconf 88' lang='lat' dir='ltr'><strong>nonnullis</strong></span> 
     </span>
     <span class='ocr_line' id='line_1_26' title="bbox 297 2706 2488 2792; baseline -0.001 -19"><span class='ocrx_word' id='word_1_203' title='bbox 297 2734 478 2792; x_wconf 87' lang='lat' dir='ltr'><strong>quam</strong></span> <span class='ocrx_word' id='word_1_204' title='bbox 522 2733 767 2773; x_wconf 89' lang='lat' dir='ltr'><strong>necesse</strong></span> <span class='ocrx_word' id='word_1_205' title='bbox 823 2714 905 2772; x_wconf 88' lang='lat' dir='ltr'><strong>sit</strong></span> <span class='ocrx_word' id='word_1_206' title='bbox 946 2711 1144 2770; x_wconf 89' lang='lat' dir='ltr'><strong>facere</strong></span> <span class='ocrx_word' id='word_1_207' title='bbox 1186 2712 1528 2771; x_wconf 81' lang='lat' dir='ltr'><strong>videantur.</strong></span> <span class='ocrx_word' id='word_1_208' title='bbox 1627 2712 1795 2788; x_wconf 87' lang='lat' dir='ltr'><strong>Ergo</strong></span> <span class='ocrx_word' id='word_1_209' title='bbox 1835 2712 1912 2769; x_wconf 90' lang='lat' dir='ltr'><strong>ab</strong></span> <span class='ocrx_word' id='word_1_210' title='bbox 1952 2712 2066 2769; x_wconf 90' lang='grc'><strong>1100</strong></span> <span class='ocrx_word' id='word_1_211' title='bbox 2106 2706 2328 2789; x_wconf 86' lang='lat' dir='ltr'><strong>genere</strong></span> <span class='ocrx_word' id='word_1_212' title='bbox 2365 2730 2488 2771; x_wconf 88' lang='lat' dir='ltr'><strong>non</strong></span> 
     </span>
     <span class='ocr_line' id='line_1_27' title="bbox 299 2801 2487 2881; baseline 0 -18"><span class='ocrx_word' id='word_1_213' title='bbox 299 2806 541 2865; x_wconf 88' lang='lat' dir='ltr'><strong>difficile</strong></span> <span class='ocrx_word' id='word_1_214' title='bbox 581 2810 675 2867; x_wconf 87' lang='lat' dir='ltr'><strong>est</strong></span> <span class='ocrx_word' id='word_1_215' title='bbox 712 2805 869 2863; x_wconf 90' lang='lat' dir='ltr'><strong>hanc</strong></span> <span class='ocrx_word' id='word_1_216' title='bbox 924 2804 1349 2881; x_wconf 89' lang='lat' dir='ltr'><strong>eloquentiam,</strong></span> <span class='ocrx_word' id='word_1_217' title='bbox 1393 2802 1468 2860; x_wconf 90' lang='lat' dir='ltr'><strong>de</strong></span> <span class='ocrx_word' id='word_1_218' title='bbox 1507 2801 1627 2880; x_wconf 69' lang='lat' dir='ltr'><strong>qua</strong></span> <span class='ocrx_word' id='word_1_219' title='bbox 1679 2822 1843 2861; x_wconf 89' lang='grc'><strong>1111110</strong></span> <span class='ocrx_word' id='word_1_220' title='bbox 1895 2803 2117 2881; x_wconf 81' lang='lat' dir='ltr'><strong>agitur,</strong></span> <span class='ocrx_word' id='word_1_221' title='bbox 2163 2822 2487 2864; x_wconf 87' lang='lat' dir='ltr'><strong>secernere.</strong></span> 
     </span>
     <span class='ocr_line' id='line_1_28' title="bbox 297 2895 2488 2973; baseline -0 -17"><span class='ocrx_word' id='word_1_222' title='bbox 297 2899 502 2957; x_wconf 88' lang='lat' dir='ltr'><strong>Mollis</strong></span> <span class='ocrx_word' id='word_1_223' title='bbox 530 2904 623 2957; x_wconf 92' lang='lat' dir='ltr'><strong>est</strong></span> <span class='ocrx_word' id='word_1_224' title='bbox 652 2898 813 2955; x_wconf 90' lang='lat' dir='ltr'><strong>enim</strong></span> <span class='ocrx_word' id='word_1_225' title='bbox 855 2898 1049 2955; x_wconf 86' lang='lat' dir='ltr'><strong>oratio</strong></span> <span class='ocrx_word' id='word_1_226' title='bbox 1089 2896 1592 2973; x_wconf 87' lang='lat' dir='ltr'><strong>philosophorum</strong></span> <span class='ocrx_word' id='word_1_227' title='bbox 1620 2899 1683 2953; x_wconf 92' lang='lat' dir='ltr'><strong>et</strong></span> <span class='ocrx_word' id='word_1_228' title='bbox 1708 2895 2069 2968; x_wconf 88' lang='lat' dir='ltr'><strong>umbratilis,</strong></span> <span class='ocrx_word' id='word_1_229' title='bbox 2097 2915 2210 2955; x_wconf 92' lang='grc'><strong>1100</strong></span> <span class='ocrx_word' id='word_1_230' title='bbox 2251 2901 2488 2955; x_wconf 87' lang='lat' dir='ltr'><strong>senten-</strong></span> 
     </span>
     <span class='ocr_line' id='line_1_29' title="bbox 296 2988 2489 3070; baseline -0.001 -21"><span class='ocrx_word' id='word_1_231' title='bbox 296 2992 401 3049; x_wconf 87' lang='lat' dir='ltr'><strong>tiis</strong></span> <span class='ocrx_word' id='word_1_232' title='bbox 442 3011 555 3049; x_wconf 90' lang='lat' dir='ltr'><strong>nec</strong></span> <span class='ocrx_word' id='word_1_233' title='bbox 597 2990 796 3048; x_wconf 89' lang='lat' dir='ltr'><strong>verbis</strong></span> <span class='ocrx_word' id='word_1_234' title='bbox 848 2990 1149 3047; x_wconf 86' lang='lat' dir='ltr'><strong>instructa</strong></span> <span class='ocrx_word' id='word_1_235' title='bbox 1202 2988 1611 3070; x_wconf 82' lang='lat' dir='ltr'><strong>popularibus,</strong></span> <span class='ocrx_word' id='word_1_236' title='bbox 1654 3008 1766 3048; x_wconf 88' lang='lat' dir='ltr'><strong>nec</strong></span> <span class='ocrx_word' id='word_1_237' title='bbox 1805 2989 2014 3047; x_wconf 87' lang='lat' dir='ltr'><strong>vincta</strong></span> <span class='ocrx_word' id='word_1_238' title='bbox 2057 2988 2348 3062; x_wconf 83' lang='lat' dir='ltr'><strong>numeris,</strong></span> <span class='ocrx_word' id='word_1_239' title='bbox 2386 2988 2489 3047; x_wconf 89' lang='lat' dir='ltr'><strong>sed</strong></span> 
     </span>
     <span class='ocr_line' id='line_1_30' title="bbox 296 3079 2486 3159; baseline 0 -18"><span class='ocrx_word' id='word_1_240' title='bbox 296 3084 497 3141; x_wconf 88' lang='lat' dir='ltr'><strong>soluta</strong></span> <span class='ocrx_word' id='word_1_241' title='bbox 522 3082 769 3141; x_wconf 87' lang='lat' dir='ltr'><strong>liberius</strong></span> <span class='ocrx_word' id='word_1_242' title='bbox 792 3104 807 3149; x_wconf 91' lang='lat'>;</span> <span class='ocrx_word' id='word_1_243' title='bbox 850 3088 1033 3153; x_wconf 88' lang='lat' dir='ltr'><strong>casta,</strong></span> <span class='ocrx_word' id='word_1_244' title='bbox 1062 3081 1422 3152; x_wconf 83' lang='lat' dir='ltr'><strong>verecunda,</strong></span> <span class='ocrx_word' id='word_1_245' title='bbox 1447 3081 1620 3157; x_wconf 85' lang='lat' dir='ltr'><strong>virgo</strong></span> <span class='ocrx_word' id='word_1_246' title='bbox 1646 3080 2000 3159; x_wconf 75' lang='lat' dir='ltr'><strong>incorrupta</strong></span> <span class='ocrx_word' id='word_1_247' title='bbox 2025 3079 2486 3157; x_wconf 79' lang='lat' dir='ltr'><strong>quodammodo·</strong></span> 
     </span>
     <span class='ocr_line' id='line_1_31' title="bbox 302 3171 2486 3254; baseline 0 -21"><span class='ocrx_word' id='word_1_248' title='bbox 302 3174 727 3254; x_wconf 86' lang='lat' dir='ltr'><strong>Sophistarum</strong></span> <span class='ocrx_word' id='word_1_249' title='bbox 758 3171 853 3251; x_wconf 92' lang='lat' dir='ltr'><strong>[et</strong></span> <span class='ocrx_word' id='word_1_250' title='bbox 892 3172 1234 3250; x_wconf 87' lang='lat' dir='ltr'><strong>oratorum]</strong></span> <span class='ocrx_word' id='word_1_251' title='bbox 1266 3172 1463 3250; x_wconf 86' lang='lat' dir='ltr'><strong>magis</strong></span> <span class='ocrx_word' id='word_1_252' title='bbox 1491 3172 1926 3250; x_wconf 86' lang='lat' dir='ltr'><strong>distinguenda</strong></span> <span class='ocrx_word' id='word_1_253' title='bbox 1964 3173 2300 3233; x_wconf 90' lang='lat' dir='ltr'><strong>similitudo</strong></span> <span class='ocrx_word' id='word_1_254' title='bbox 2325 3174 2486 3233; x_wconf 83' lang='lat' dir='ltr'><strong>vide-</strong></span> 
     </span>
     <span class='ocr_line' id='line_1_32' title="bbox 294 3265 2485 3346; baseline -0.003 -21"><span class='ocrx_word' id='word_1_255' title='bbox 294 3274 415 3338; x_wconf 86' lang='lat' dir='ltr'><strong>tur,</strong></span> <span class='ocrx_word' id='word_1_256' title='bbox 446 3268 552 3344; x_wconf 90' lang='lat' dir='ltr'><strong>qui</strong></span> <span class='ocrx_word' id='word_1_257' title='bbox 579 3265 817 3325; x_wconf 91' lang='lat' dir='ltr'><strong>eosdem</strong></span> <span class='ocrx_word' id='word_1_258' title='bbox 843 3266 1060 3323; x_wconf 89' lang='lat' dir='ltr'><strong>volunt</strong></span> <span class='ocrx_word' id='word_1_259' title='bbox 1088 3266 1281 3337; x_wconf 80' lang='lat' dir='ltr'><strong>floreS,</strong></span> <span class='ocrx_word' id='word_1_260' title='bbox 1312 3284 1462 3343; x_wconf 91' lang='lat' dir='ltr'><strong>quos</strong></span> <span class='ocrx_word' id='word_1_261' title='bbox 1503 3265 1750 3324; x_wconf 89' lang='lat' dir='ltr'><strong>adhibet</strong></span> <span class='ocrx_word' id='word_1_262' title='bbox 1789 3270 1993 3324; x_wconf 90' lang='lat' dir='ltr'><strong>orator</strong></span> <span class='ocrx_word' id='word_1_263' title='bbox 2017 3265 2084 3323; x_wconf 90' lang='lat' dir='ltr'><strong>in</strong></span> <span class='ocrx_word' id='word_1_264' title='bbox 2111 3266 2325 3339; x_wconf 87' lang='lat' dir='ltr'><strong>causis,</strong></span> <span class='ocrx_word' id='word_1_265' title='bbox 2355 3285 2485 3346; x_wconf 84' lang='lat' dir='ltr'><strong>per.</strong></span> 
     </span>
     <span class='ocr_line' id='line_1_33' title="bbox 297 3356 2485 3436; baseline -0 -18"><span class='ocrx_word' id='word_1_266' title='bbox 297 3360 485 3436; x_wconf 88' lang='lat' dir='ltr'><strong>sequi.</strong></span> <span class='ocrx_word' id='word_1_267' title='bbox 547 3358 682 3416; x_wconf 89' lang='lat' dir='ltr'><strong>Hoc</strong></span> <span class='ocrx_word' id='word_1_268' title='bbox 699 3356 1010 3429; x_wconf 82' lang='lat' dir='ltr'><strong>differunt,</strong></span> <span class='ocrx_word' id='word_1_269' title='bbox 1033 3357 1214 3434; x_wconf 89' lang='lat' dir='ltr'><strong>quod,</strong></span> <span class='ocrx_word' id='word_1_270' title='bbox 1235 3376 1374 3415; x_wconf 89' lang='lat' dir='ltr'><strong>cum</strong></span> <span class='ocrx_word' id='word_1_271' title='bbox 1395 3358 1476 3415; x_wconf 90' lang='lat' dir='ltr'><strong>sit</strong></span> <span class='ocrx_word' id='word_1_272' title='bbox 1494 3356 1572 3416; x_wconf 88' lang='lat' dir='ltr'><strong>iis</strong></span> <span class='ocrx_word' id='word_1_273' title='bbox 1593 3358 1970 3435; x_wconf 88' lang='lat' dir='ltr'><strong>propositum</strong></span> <span class='ocrx_word' id='word_1_274' title='bbox 1989 3377 2114 3415; x_wconf 90' lang='lat' dir='ltr'><strong>non</strong></span> <span class='ocrx_word' id='word_1_275' title='bbox 2134 3359 2485 3435; x_wconf 82' lang='lat' dir='ltr'><strong>perturbare</strong></span> 
     </span>
     <span class='ocr_line' id='line_1_34' title="bbox 294 3449 2481 3527; baseline -0 -18"><span class='ocrx_word' id='word_1_276' title='bbox 294 3451 529 3509; x_wconf 87' lang='lat' dir='ltr'><strong>animos</strong></span> <span class='ocrx_word' id='word_1_277' title='bbox 556 3451 662 3509; x_wconf 91' lang='lat' dir='ltr'><strong>sed</strong></span> <span class='ocrx_word' id='word_1_278' title='bbox 700 3450 957 3526; x_wconf 87' lang='lat' dir='ltr'><strong>placare,</strong></span> <span class='ocrx_word' id='word_1_279' title='bbox 989 3468 1099 3506; x_wconf 91' lang='lat' dir='ltr'><strong>nec</strong></span> <span class='ocrx_word' id='word_1_280' title='bbox 1127 3453 1255 3506; x_wconf 79' lang='lat' dir='ltr'><strong>tam</strong></span> <span class='ocrx_word' id='word_1_281' title='bbox 1280 3450 1641 3525; x_wconf 87' lang='lat' dir='ltr'><strong>persuadere</strong></span> <span class='ocrx_word' id='word_1_282' title='bbox 1669 3469 1851 3525; x_wconf 91' lang='lat' dir='ltr'><strong>quam</strong></span> <span class='ocrx_word' id='word_1_283' title='bbox 1879 3449 2194 3521; x_wconf 76' lang='lat' dir='ltr'><strong>delectare,</strong></span> <span class='ocrx_word' id='word_1_284' title='bbox 2223 3454 2287 3509; x_wconf 88' lang='lat' dir='ltr'><strong>et</strong></span> <span class='ocrx_word' id='word_1_285' title='bbox 2314 3469 2481 3527; x_wconf 89' lang='lat' dir='ltr'><strong>aper-</strong></span> 
     </span>
     <span class='ocr_line' id='line_1_35' title="bbox 294 3541 2480 3619; baseline -0.001 -18"><span class='ocrx_word' id='word_1_286' title='bbox 294 3544 417 3603; x_wconf 85' lang='lat' dir='ltr'><strong>tius</strong></span> <span class='ocrx_word' id='word_1_287' title='bbox 456 3544 523 3601; x_wconf 91' lang='lat' dir='ltr'><strong>id</strong></span> <span class='ocrx_word' id='word_1_288' title='bbox 561 3541 799 3601; x_wconf 87' lang='lat' dir='ltr'><strong>faciunt</strong></span> <span class='ocrx_word' id='word_1_289' title='bbox 839 3562 1023 3619; x_wconf 88' lang='lat' dir='ltr'><strong>quam</strong></span> <span class='ocrx_word' id='word_1_290' title='bbox 1062 3562 1174 3601; x_wconf 87' lang='lat' dir='ltr'><strong>nos</strong></span> <span class='ocrx_word' id='word_1_291' title='bbox 1214 3546 1278 3601; x_wconf 89' lang='lat' dir='ltr'><strong>et</strong></span> <span class='ocrx_word' id='word_1_292' title='bbox 1316 3542 1600 3614; x_wconf 86' lang='lat' dir='ltr'><strong>crebrius,</strong></span> <span class='ocrx_word' id='word_1_293' title='bbox 1643 3542 1970 3601; x_wconf 90' lang='lat' dir='ltr'><strong>concinnas</strong></span> <span class='ocrx_word' id='word_1_294' title='bbox 2009 3541 2205 3618; x_wconf 78' lang='lat' dir='ltr'><strong>magis</strong></span> <span class='ocrx_word' id='word_1_295' title='bbox 2245 3547 2480 3602; x_wconf 90' lang='lat' dir='ltr'><strong>senten·</strong></span> 
     </span>
     <span class='ocr_line' id='line_1_36' title="bbox 293 3627 2486 3713; baseline 0 -19"><span class='ocrx_word' id='word_1_296' title='bbox 293 3636 411 3696; x_wconf 87' lang='lat' dir='ltr'><strong>tias</strong></span> <span class='ocrx_word' id='word_1_297' title='bbox 452 3636 781 3712; x_wconf 86' lang='lat' dir='ltr'><strong>exquirunt</strong></span> <span class='ocrx_word' id='word_1_298' title='bbox 821 3654 1005 3713; x_wconf 90' lang='lat' dir='ltr'><strong>quam</strong></span> <span class='ocrx_word' id='word_1_299' title='bbox 1042 3635 1406 3711; x_wconf 87' lang='lat' dir='ltr'><strong>probabiles,</strong></span> <span class='ocrx_word' id='word_1_300' title='bbox 1435 3655 1472 3693; x_wconf 90' lang='lat' dir='ltr'><strong>a</strong></span> <span class='ocrx_word' id='word_1_301' title='bbox 1510 3655 1577 3693; x_wconf 92' lang='lat' dir='ltr'><strong>re</strong></span> <span class='ocrx_word' id='word_1_302' title='bbox 1619 3655 1776 3713; x_wconf 84' lang='lat' dir='ltr'><strong>soepe</strong></span> <span class='ocrx_word' id='word_1_303' title='bbox 1817 3635 2159 3707; x_wconf 89' lang='lat' dir='ltr'><strong>discedunt,</strong></span> <span class='ocrx_word' id='word_1_304' title='bbox 2199 3627 2486 3698; x_wconf 82' lang='lat' dir='ltr'><strong>intexunt</strong></span> 
     </span>
     <span class='ocr_line' id='line_1_37' title="bbox 293 3727 2485 3804; baseline 0 -19"><span class='ocrx_word' id='word_1_305' title='bbox 293 3728 547 3799; x_wconf 75' lang='lat' dir='ltr'><strong>fabulae,</strong></span> <span class='ocrx_word' id='word_1_306' title='bbox 603 3728 793 3787; x_wconf 84' lang='lat' dir='ltr'><strong>verba</strong></span> <span class='ocrx_word' id='word_1_307' title='bbox 843 3728 1129 3787; x_wconf 85' lang='lat' dir='ltr'><strong>audacius</strong></span> <span class='ocrx_word' id='word_1_308' title='bbox 1185 3727 1577 3799; x_wconf 86' lang='lat' dir='ltr'><strong>transferunt,</strong></span> <span class='ocrx_word' id='word_1_309' title='bbox 1636 3747 1825 3804; x_wconf 88' lang='lat' dir='ltr'><strong>eaque</strong></span> <span class='ocrx_word' id='word_1_310' title='bbox 1880 3728 1973 3788; x_wconf 88' lang='lat' dir='ltr'><strong>ita</strong></span> <span class='ocrx_word' id='word_1_311' title='bbox 2024 3727 2360 3804; x_wconf 87' lang='lat' dir='ltr'><strong>disponunt</strong></span> <span class='ocrx_word' id='word_1_312' title='bbox 2409 3734 2485 3787; x_wconf 87' lang='lat' dir='ltr'><strong>ut</strong></span> 
     </span>
     <span class='ocr_line' id='line_1_38' title="bbox 295 3812 2479 3906; baseline 0 -29"><span class='ocrx_word' id='word_1_313' title='bbox 295 3820 553 3899; x_wconf 88' lang='lat' dir='ltr'><strong>pictores</strong></span> <span class='ocrx_word' id='word_1_314' title='bbox 582 3821 940 3881; x_wconf 83' lang='lat' dir='ltr'><strong>varietatem</strong></span> <span class='ocrx_word' id='word_1_315' title='bbox 980 3820 1269 3881; x_wconf 86' lang='lat' dir='ltr'><strong>colorum.</strong></span> <span class='ocrx_word' id='word_1_316' title='bbox 1334 3812 1516 3906; x_wconf 66' lang='lat' dir='ltr'><strong>&#39;Huic</strong></span> <span class='ocrx_word' id='word_1_317' title='bbox 1555 3822 1766 3899; x_wconf 88' lang='lat' dir='ltr'><strong>generi</strong></span> <span class='ocrx_word' id='word_1_318' title='bbox 1800 3820 2051 3881; x_wconf 86' lang='lat' dir='ltr'><strong>historia</strong></span> <span class='ocrx_word' id='word_1_319' title='bbox 2076 3820 2336 3881; x_wconf 81' lang='lat' dir='ltr'><strong>finitima</strong></span> <span class='ocrx_word' id='word_1_320' title='bbox 2362 3825 2479 3892; x_wconf 92' lang='lat' dir='ltr'><strong>est,</strong></span> 
     </span>
    </p>
   </div>
   <div class='ocr_carea' id='block_1_5' title="bbox 2707 2344 2709 2963">
    <p class='ocr_par' dir='ltr' id='par_1_5' title="bbox 2707 2344 2709 2963">
     <span class='ocr_line' id='line_1_39' title="bbox 2707 2344 2709 2963; baseline 0 0"><span class='ocrx_word' id='word_1_321' title='bbox 2707 2344 2709 2963; x_wconf 95' lang='lat' dir='ltr'><strong> </strong></span> 
     </span>
    </p>
   </div>
  </div>
 </body>
</html>
