2744 4138
1244 175 1401 220 Pam·
1445 176 1492 220 1.
2423 159 2462 218 5

277 315 529 402 privatis
583 325 846 384 consiliis
900 345 1023 383 non
1076 324 1384 402 poteratis,
1428 343 1540 383 nec
1587 323 1864 382 ducendo
1912 343 1985 382 ex
2031 322 2222 400 plebe,
2265 341 2462 399 neque

278 422 507 476 vestras
561 418 714 476 filias
767 436 1117 494 sororesque
1171 416 1434 474 enubere
1480 415 1730 474 sinendo
1777 436 1810 474 e
1855 413 2185 473 Patribus?
2268 414 2462 472 Nemo

274 509 544 586 plebeius
598 509 858 567 invitum
921 508 1258 586 pactionem
1310 509 1644 587 nuptialem
1697 525 2061 584 quemquam
2113 505 2310 564 facere
2362 526 2458 564 co·

275 601 763 678 egisset—LIVY,
798 618 873 660 1v.
904 601 962 660 4.

1304 743 1453 802 VII.

395 869 593 930 Venio
621 890 783 928 nunc
802 870 879 929 ad
900 871 980 941 id,
1000 871 1074 928 de
1092 890 1212 948 quo
1238 871 1477 949 agitur:
1521 871 1585 928 in
1605 889 1725 948 quo
1746 870 1968 948 duplex
1987 868 2252 928 consulis
2270 867 2463 930 oratio

274 961 413 1020 fuit.
497 962 659 1022 Nam
698 967 760 1020 et
795 964 991 1040 legem
1023 963 1212 1021 ullam
1246 962 1490 1020 omnino
1524 962 1805 1040 abrogari
1843 967 1937 1020 est
1976 961 2360 1038 indignatus;
2403 967 2468 1018 et

274 1075 407 1113 eam
434 1056 728 1134 praecipue
753 1057 967 1133 legem,
997 1076 1131 1133 quae
1159 1055 1413 1113 luxuriae
1442 1055 1750 1113 muliebris
1770 1054 2110 1114 coercendae
2137 1053 2316 1112 causa
2340 1055 2470 1110 lata

274 1153 452 1206 esset.
550 1147 633 1204 Et
689 1148 797 1205 illa
857 1148 1194 1208 communis
1256 1167 1365 1224 pro
1420 1146 1653 1223 legibus
1705 1146 1839 1204 visa
1890 1146 2218 1205 consularis
2271 1145 2468 1204 oratio

273 1244 399 1298 est:
444 1245 507 1297 et
531 1239 657 1299 haec
684 1240 973 1298 adversus
1001 1239 1302 1297 luxuriam
1331 1236 1726 1298 severissimis
1760 1238 2026 1297 moribus
2056 1238 2467 1296 conveniebat.

276 1331 495 1407 Itaque
532 1332 865 1409 periculum
891 1339 1000 1402 est,
1030 1331 1165 1402 nisi,
1194 1330 1341 1408 quid
1381 1331 1446 1389 in
1487 1330 1745 1407 utraque
1781 1350 1847 1388 re
1867 1330 2027 1397 ,vani
2066 1330 2162 1402 sit,
2194 1330 2472 1389 docueri-

275 1443 431 1494 mus,
457 1444 535 1482 ne
559 1424 697 1501 quis
735 1445 901 1483 error
932 1425 1105 1484 vobis
1142 1424 1510 1483 offundatur.
1593 1423 1726 1501 Ego
1753 1424 1934 1494 enim,
1964 1424 2470 1500 quemadmodum

274 1536 352 1573 ex
380 1515 473 1574 his
494 1517 747 1595 legibue,
768 1537 901 1594 quae
927 1515 1049 1575 non
1076 1517 1139 1574 in
1168 1521 1414 1594 tempus
1441 1516 1700 1592 aliquod,
1731 1517 1838 1574 sed
1864 1522 2166 1592 perpetuae
2187 1515 2470 1573 utilitatis

274 1607 458 1666 causa
495 1609 561 1666 in
602 1615 895 1668 aeternum
922 1611 1059 1668 latae
1086 1614 1247 1681 sunt,
1278 1608 1510 1666 nullam
1550 1607 1830 1684 abrogari
1868 1607 2084 1666 debere
2110 1607 2319 1679 fateor,
2348 1607 2470 1665 nisi

274 1721 459 1778 quam
496 1706 607 1760 aut
646 1722 793 1761 usus
830 1701 1122 1778 coarguit,
1164 1707 1273 1758 aut
1308 1705 1508 1760 status
1547 1701 1767 1777 aliquis
1807 1699 2149 1776 reipublicae
2189 1699 2468 1757 inutilem

272 1792 455 1863 fecit;
498 1792 602 1865 sic,
632 1812 784 1870 quas
824 1798 1098 1870 tempora
1136 1792 1341 1869 aliqua
1383 1791 1803 1851 desiderarunt
1838 1790 2020 1869 leges,
2056 1791 2358 1862 mortales,
2397 1797 2472 1848 ut

270 1884 362 1942 ita
413 1885 629 1955 dicam,
686 1890 751 1943 et
812 1886 1187 1963 temporibus
1251 1884 1402 1961 ipsis
1467 1884 1786 1943 mutabiles
1847 1903 1976 1944 esse
2027 1883 2222 1942 vide0.
2321 1883 2472 1958 Quae

271 1976 338 2034 in
392 1997 539 2055 pace
585 1979 723 2036 latae
769 1983 930 2050 sunt,
981 1979 1333 2055 plerumque
1380 1978 1606 2036 bellum
1658 1977 1947 2054 abrogat;
1994 1997 2129 2054 quae
2170 1977 2238 2035 in
2289 1978 2466 2048 bello,

274 2088 429 2146 pax:
487 2075 560 2128 ut
612 2069 678 2127 in
732 2069 907 2128 navis
960 2066 1484 2128 administratione
1539 2069 1656 2127 alia
1709 2069 1774 2126 in
1827 2069 2175 2142 secundam,
2231 2069 2352 2128 alia
2403 2069 2470 2127 in

274 2160 592 2219 adversam
608 2166 1030 2238 tempestatem
1057 2161 1195 2219 usui
1223 2164 1386 2219 sunt.
1468 2160 1615 2220 Haec
1635 2180 1821 2236 quum
1841 2160 1928 2217 ita
1946 2160 2165 2219 natura
2182 2161 2469 2225 distincta

274 2253 418 2326 sint,
438 2274 514 2312 ex
535 2259 677 2312 utro
696 2256 945 2314 tandem
972 2273 1193 2333 genere
1212 2273 1282 2313 ea
1301 2255 1401 2313 lex
1427 2273 1555 2311 esse
1575 2254 1833 2324 videtur,
1857 2273 2038 2330 quam
2059 2254 2465 2332 abrogamus?

272 2346 375 2403 An
415 2350 593 2406 vetus
630 2346 801 2424 regia
843 2347 962 2420 lex,
1004 2346 1187 2404 simul
1241 2366 1380 2405 cum
1426 2344 1559 2422 ipsa
1601 2345 1753 2403 urbe
1791 2352 1936 2403 nata
1955 2344 1986 2404 ‘t'
2069 2344 2218 2419 Quis
2271 2348 2468 2407 nescit

272 2458 493 2497 novam
546 2438 742 2516 legem
804 2458 951 2510 esse,
1019 2438 1093 2512 Q.
1150 2437 1338 2497 Fabio
1397 2442 1459 2496 et
1511 2436 1642 2496 Tib.
1701 2435 2057 2514 Sempronio
2120 2439 2468 2498 consulibus

269 2530 495 2608 viginti
555 2530 733 2589 annis
792 2536 935 2591 ante
995 2528 1233 2589 latam?
1339 2528 1486 2589 Siue
1539 2528 1661 2605 qua
1713 2549 1902 2606 quum
1960 2549 2069 2606 per
2119 2534 2215 2588 tot
2275 2550 2464 2591 annos

270 2627 559 2680 matronae
584 2622 827 2699 optim'is
868 2623 1133 2681 moribus
1160 2621 1444 2693 vixerint,
1469 2621 1633 2698 quod
1659 2620 1922 2693 tandem,
1965 2641 2042 2679 ne
2079 2622 2370 2698 abrogata
2395 2624 2466 2681 ea

270 2714 658 2772 effundantur
693 2714 772 2773 ad
797 2715 1117 2785 luxuriam,
1157 2714 1495 2792 periculum
1523 2711 1663 2772 est?
1745 2711 1905 2770 Nam
1945 2712 1998 2771 si
2037 2713 2157 2772 ista
2194 2714 2291 2772 lex
2327 2713 2463 2774 ideo

270 2805 397 2863 lata
442 2810 616 2877 esset,
665 2810 738 2863 ut
782 2806 984 2865 finiret
1028 2806 1340 2866 libidinem
1390 2805 1762 2875 muliebrem,
1807 2805 2140 2863 verendum
2185 2804 2344 2867 foret
2388 2828 2464 2866 ne

270 2898 566 2974 abrogata
590 2898 903 2971 incitaret3
944 2920 1055 2959 cur
1082 2899 1163 2957 sit
1186 2902 1393 2959 autem
1421 2898 1561 2971 lata,
1590 2898 1790 2975 ipsum
1815 2897 2107 2957 indicavit
2127 2904 2465 2976 tempus.—

275 2990 445 3063 Lwr,
474 3006 667 3047 xxxw.
699 2991 755 3049 6.

1278 3130 1461 3191 VIII.

391 3260 484 3320 Ut
510 3261 945 3339 cupiditatibus
971 3261 1313 3341 principum
1341 3268 1405 3321 et
1431 3261 1598 3321 vitiis
1623 3262 1789 3321 infici
1807 3262 1960 3322 solet
1977 3269 2106 3322 tota
2127 3264 2358 3335 civitas,
2379 3266 2466 3325 sic

270 3353 581 3413 emendari
607 3359 671 3413 et
696 3354 919 3432 corrigi
954 3352 1342 3413 continentia.
1427 3354 1540 3414 Vir
1575 3373 1849 3432 magnus,
1879 3355 1948 3413 L.
1978 3354 2286 3427 Lucullus,
2314 3356 2463 3415 fere-

272 3444 453 3503 batur
490 3464 675 3522 quam
714 3446 1196 3505 commodissime
1231 3446 1628 3522 respondisse,
1659 3466 1800 3506 cum
1835 3452 1994 3507 esset
2026 3449 2264 3526 objecta
2295 3468 2463 3525 mag-

269 3536 585 3595 nificentia
619 3536 781 3597 villoe
813 3538 1185 3608 Tusculanae,
1230 3539 1353 3598 duo
1395 3558 1460 3597 se
1499 3538 1721 3598 habere
1756 3539 2462 3617 vicinos—superiorem,

270 3626 536 3703 equitem
578 3628 941 3702 Romanum,
979 3629 1340 3701 inferiorem,
1370 3630 1765 3703 libertinum;
1807 3650 2065 3708 quorum
2101 3650 2236 3690 cum
2266 3639 2468 3695 essent

274 3719 611 3796 magnificae
656 3720 834 3793 villae,
878 3722 1123 3781 concedi
1166 3723 1282 3781 sibi
1326 3728 1619 3802 oportere,
1664 3724 1827 3801 quod
1879 3723 1972 3795 iis,
2016 3721 2124 3801 qui
2175 3724 2467 3785 tenuioris

276 3809 508 3870 ordinis
528 3818 750 3885 essent,
773 3813 999 3874 liceret.
1083 3814 1224 3874 Non
1252 3815 1440 3891 vides,
1470 3815 1736 3891 Luculle,
1765 3835 1804 3876 a
1827 3821 1890 3877 te
1916 3815 1981 3876 id
2008 3815 2208 3895 ipsum
2235 3821 2465 3891 natum,
