2744 4138
1245 173 1400 222 mm
1445 175 1522 221 11.
1766 213 1772 218 .
2352 239 2362 249 ἱ
2404 162 2490 221 41

411 327 596 386 Forte
650 325 903 386 sicarius
958 326 1205 403 quidam
1261 323 1668 402 deprehensus
1721 327 1785 384 et
1840 324 2146 386 cruciatus
2213 345 2491 408 proceres

284 419 652 478 criminatus
679 424 790 490 est,
815 424 878 477 et
894 418 1179 477 Riensius
1201 417 1448 496 tyranni
1466 417 1597 494 jam
1615 422 1875 475 mortem
1902 418 2176 489 meritus,
2201 418 2491 477 continuo

285 510 641 588 tyrannicas
669 511 932 568 rationes
960 515 1143 586 atque
1171 509 1546 587 suspiciones
1574 509 1785 568 inibat.

411 602 501 660 Eo
554 603 687 678 ipso
742 602 839 660 die
892 601 1195 679 principes
1248 600 1654 673 inimicorum,
1705 601 1840 659 aliis
1895 600 2014 658 alia
2049 605 2366 677 ¹cassatae,
2409 601 2489 659 ad

290 693 668 771 Capitolium
720 693 1004 764 vocavit;
1071 693 1235 750 inter
1289 712 1441 769 quos
1495 693 1753 751 aderant
1804 693 2170 752 Ursinorum
2219 693 2490 769 quinque
2567 762 2575 770 ,

284 787 581 858 homines,
616 785 1023 846 Colonnarum
1063 791 1205 844 tres.
1286 784 1436 845 Mox
1462 803 1669 843 omnes
1707 804 1836 843 sese
1873 784 2112 843 concilii
2151 791 2260 842 aut
2285 785 2486 862 epula-

282 899 426 936 rum
469 899 574 956 spe
616 884 824 956 captos
865 878 1305 956 intelligebant,
1336 883 1399 935 et
1440 877 1776 936 cervicibus
1817 875 1944 935 suis
1986 875 2332 953 impendere
2360 878 2488 935 sive

284 969 659 1029 dominantis
688 970 817 1029 sive
848 969 1185 1047 judicantis
1212 970 1483 1046 gladium
1509 994 1522 1028 ε
1567 989 1679 1028 nec
1705 969 1907 1027 minor
1932 967 2274 1026 insontibus
2303 981 2486 1046 q'uam

283 1063 480 1140 culpae
508 1063 763 1122 consciis
789 1061 1159 1138 exspectatio
1187 1062 1346 1119 mali.
1431 1061 1762 1138 Postquam
1789 1062 2047 1139 populus
2074 1062 2153 1120 ad
2181 1081 2488 1138 campanae

283 1155 557 1213 sonitum
610 1160 993 1226 convenerat,
1048 1155 1139 1212 illi
1193 1153 1268 1212 de
1326 1154 1596 1212 Tribuno
1665 1153 2078 1213 interficiendo
2139 1156 2486 1232 conjurasse

282 1252 672 1325 arguuntur:
715 1253 779 1305 et
813 1246 1137 1304 nonnullos
1180 1246 1436 1304 fortasse
1479 1245 1840 1304 calamitatis
1881 1267 2088 1305 eorum
2127 1247 2486 1318 miserebat3

280 1356 483 1414 neque
509 1358 630 1396 vox
656 1342 861 1396 tamen
890 1337 1013 1395 ulla
1037 1356 1230 1413 neque
1256 1355 1472 1395 manus
1515 1336 1754 1394 sublata
1781 1342 1891 1406 est,
1922 1356 2054 1413 quoe
2081 1338 2487 1396 nobilissimos

280 1429 561 1488 homines
587 1430 663 1488 ab
683 1435 941 1508 urgente
968 1428 1153 1486 exitio
1180 1428 1609 1506 eriperet—E.
1641 1427 1960 1488 HAMILTON
1990 1428 2275 1488 Gmronn.

896 1671 1100 1731 XXV.
1191 1671 1496 1746 (Honnnn,
1526 1672 1654 1730 Ful.
1689 1669 1882 1747 Oent.)
1957 1660 1961 1664 ’

304 1852 307 1854 ,
408 1801 561 1860 Erat
604 1799 878 1878 profecto
928 1821 961 1858 e
1008 1801 1253 1878 pallidis
1290 1800 1412 1858 illis
1452 1799 1912 1876 macilentisque
1951 1799 2096 1857 viris
2138 1819 2288 1877 quos
2331 1798 2486 1858 dicit

286 1893 507 1965 Caesar,
539 1893 646 1971 qui
672 1893 974 1951 insomnia
1014 1898 1076 1951 et
1116 1893 1303 1950 nimia
1342 1892 1712 1969 cogitatione
1752 1891 2000 1952 exerciti
2043 1897 2336 1951 terrorem
2373 1893 2480 1950 ali·

286 1987 533 2062 quando
561 1987 658 2044 vel
687 1986 1031 2043 fortissimis
1060 1984 1465 2043 incusserunt.
1521 1983 1738 2042 Vultui
1759 1984 2090 2060 tranquillo
2103 1989 2166 2042 et
2185 1984 2485 2046 immobili

283 2078 534 2137 suberat
560 2098 697 2137 acer
722 2078 1115 2155 fervidusque
1141 2079 1399 2150 animus,
1432 2077 1537 2153 qui
1577 2098 1655 2135 ne
1680 2078 2062 2135 involucrum
2091 2078 2337 2155 quidem
2366 2078 2486 2137 sibi

284 2170 566 2249 operanti
594 2171 769 2247 quasi
795 2178 1157 2248 praetentum
1189 2169 1621 2241 commovebat,
1651 2175 1863 2229 eontra
1887 2170 2161 2229 fraudem
2191 2176 2256 2231 et
2280 2171 2486 2229 studia

282 2264 516 2341 pariter
554 2263 933 2323 obstinatus:
978 2264 1225 2321 suberat
1264 2262 1579 2341 ingenium
1618 2262 1958 2339 multiplex,
1999 2262 2480 2335 formidolosum,

285 2356 679 2421 indefessum,
699 2355 787 2413 ita
806 2354 982 2413 facile
999 2360 1073 2412 ut
1098 2355 1327 2413 nullam
1355 2374 1478 2413 non
1506 2374 1582 2411 ex
1609 2358 1882 2431 tempore
1901 2354 2162 2413 formam
2184 2356 2480 2427 indueret,

284 2448 375 2506 ita
403 2448 693 2507 duratum
718 2454 791 2505 ut
832 2467 1141 2524 nunquam
1170 2468 1207 2505 a
1234 2466 1343 2505 sua
1368 2446 1564 2524 ipsius
1607 2452 1823 2504 natura
1863 2448 2194 2517 decederet,
2220 2447 2310 2521 ita
2341 2447 2481 2505 vali-

286 2542 435 2599 dum
462 2545 532 2599 ut
558 2560 766 2599 omnes
793 2540 1052 2598 fortunae
1080 2540 1528 2599 vicissitudines
1568 2538 1813 2615 impune
1841 2540 2181 2598 sustineret.
2265 2540 2480 2597 Homi-

285 2652 436 2690 num
481 2632 734 2704 indoles,
781 2636 851 2690 ut
898 2652 1073 2690 nemo
1100 2632 1272 2702 alius,
1308 2630 1726 2709 perspiciebat,
1775 2631 2160 2706 conciliabat,
2178 2632 2479 2709 gratiam:

287 2743 468 2800 quem
535 2729 739 2781 tamen
804 2744 881 2781 ne
950 2729 1142 2800 putes,
1199 2724 1569 2781 urbanorum
1636 2743 1821 2793 more,
1892 2722 2260 2799 obsequium,
2317 2724 2482 2800 quod

284 2816 661 2875 inficiaretur
702 2822 1039 2874 contemtor
1081 2816 1337 2889 animus,
1387 2835 1490 2874 ore
1540 2816 1879 2893 professum
1927 2834 2071 2887 esse,
2119 2816 2223 2875 sed
2278 2816 2484 2904 potius

284 2909 563 2968 officiosae
616 2908 1049 2967 benevolentias
1102 2928 1300 2985 neque
1350 2904 1604 2987 parcum
1663 2925 1860 2983 neque
1919 2907 2262 2985 prodigum,
2318 2928 2480 2986 opes,

284 3001 503 3078 quibus
533 3001 966 3059 devinciuntur
991 2999 1285 3071 homines,
1316 3005 1491 3057 caute
1532 2998 1935 3075 dispensando
1963 3000 2221 3059 auxisse.
2301 3000 2482 3060 Mens

283 3094 435 3171 ejus,
482 3093 533 3151 si
581 3093 895 3163 tardioreS,
950 3094 1249 3169 perfectos
1304 3098 1468 3151 certe
1517 3091 1732 3151 edebat
1785 3093 2057 3151 fructus:
2119 3095 2371 3155 consilia
2408 3100 2484 3153 ut

283 3188 477 3245 serius
505 3185 945 3264 provenissent,
975 3190 1325 3244 constanter
1351 3191 1556 3243 tamen
1585 3189 1647 3243 et
1673 3185 1804 3243 sine
1825 3185 2204 3245 vacillatione
2231 3207 2480 3264 perage-

280 3280 530 3337 bantur.
633 3277 1042 3354 Propositum,
1100 3277 1201 3336 cui
1254 3278 1438 3337 semel
1493 3279 1721 3353 primas
1776 3277 2108 3350 detulisset,
2166 3279 2335 3337 nulla
2385 3279 2480 3337 vis

282 3370 773 3449 oppugnantium
799 3370 1097 3446 frangere,
1131 3370 1313 3427 nullae
1340 3370 1503 3428 vices
1531 3369 1896 3429 labefactare
1915 3375 2220 3447 poterant,
2254 3369 2480 3449 quippe

280 3483 431 3541 quas
487 3481 695 3521 omnes
748 3462 954 3521 animo
1000 3461 1367 3536 jamdudum
1423 3463 1824 3540 praecepisset.
1935 3462 2243 3535 Quantum
2297 3481 2483 3539 super

278 3560 542 3615 terrores
597 3557 661 3611 et
709 3553 932 3631 gaudia
985 3554 1145 3611 elata
1184 3558 1315 3612 erat
1370 3573 1539 3611 mens
1588 3555 1733 3630 ejuS,
1787 3558 2029 3611 tantum
2085 3554 2289 3613 timori
2344 3559 2480 3613 erat

278 3648 587 3724 subjecta:
633 3645 1039 3722 praeveniebat
1066 3664 1207 3703 vero
1235 3646 1423 3703 timor
1450 3645 1551 3704 ille
1578 3644 1934 3722 periculum,
1963 3645 2113 3704 adeo
2153 3649 2226 3703 ut
2267 3646 2373 3722 qui
2413 3646 2480 3705 in

275 3738 609 3815 tranquillo
638 3735 1085 3814 trepidavisset,
1114 3736 1181 3795 in
1207 3736 1611 3814 trepidatione
1639 3741 1978 3796 ceterorum
2007 3743 2280 3798 maneret
2307 3744 2478 3797 tran-

282 3830 506 3907 quillus
512 3828 665 3889 .—J.
698 3828 1061 3889 commoror.

2467 3830 2648 3857 Α
