2744 4138
1208 155 1363 200 amr
1409 155 1483 202 11.
2363 149 2448 207 33

220 302 673 365 ¹devolvuntur.
784 303 884 366 Ita
938 305 1176 383 quoties
1230 306 1569 365 reluctante
1612 311 1796 366 vento
1849 308 2046 368 amnis
2095 330 2132 370 a
2179 311 2334 369 mari
2381 312 2446 368 in

238 399 571 457 adversum
597 397 953 469 retruditur,
986 417 1181 474 neque
1220 396 1573 455 inusitatam
1614 400 2079 478 superurgentis
2119 421 2293 480 aquae
2324 404 2447 462 vim

236 490 449 568 justus
502 491 711 548 alveus
764 509 977 567 capere
1029 494 1245 567 potest,
1302 490 1580 568 protinus
1646 510 1827 568 super
1881 493 2046 572 ripas
2101 494 2232 552 sine
2281 516 2446 554 more

240 601 529 658 egressus
572 582 639 639 in
682 582 1021 659 adjacentis
1063 581 1197 659 agri
1244 581 1469 658 oppida
1510 602 1874 662 camposque
1922 605 2108 663 quam
2150 586 2446 647 latissime

240 677 535 734 exundat.
608 676 802 734 'Haud
852 677 959 736 diu
1005 680 1143 752 post
1182 674 1450 752 primum
1490 696 1629 735 cum
1670 676 1878 736 Poenis
1917 677 2145 736 bellum
2184 679 2445 739 feliciter

241 771 577 842 patratum,
600 767 834 825 Tiberis
853 765 1115 825 insolitis
1140 765 1339 824 fluviis
1366 765 1659 838 tumebat,
1683 767 1832 826 adeo
1855 773 1944 840 ut,
1970 768 2202 828 diluvio
2222 777 2444 847 praeter

239 878 489 917 omnem
514 859 865 918 vetustioris
892 859 1194 917 memorioe
1233 857 1734 919 consuetudinem
1775 861 2008 933 obort0,
2039 863 2440 941 quodcunque

239 952 363 1009 sub
404 952 613 1011 Romae
651 951 903 1010 collibus
942 951 1008 1009 in
1030 951 1231 1029 'plano
1272 950 1664 1009 oedificiorum
1703 957 1878 1024 esset,
1921 953 2199 1013 obrueret
2239 960 2438 1014 vasta-

238 1049 477 1120 retque.
562 1043 711 1117 Quae
735 1041 923 1120 pestis
949 1047 1152 1103 tamen
1181 1062 1292 1119 pro
1330 1042 1655 1118 iniquitate
1693 1043 1964 1102 locorum
1992 1044 2232 1104 diverso
2259 1066 2438 1125 opere

240 1142 514 1213 stragem
541 1135 792 1194 eandem
817 1135 1068 1213 peperit,
1098 1134 1321 1212 quippe
1342 1134 1438 1192 uti
1461 1134 1712 1192 aedificia
1730 1140 1841 1194 aut
1867 1137 2181 1214 repentino
2201 1138 2436 1215 impetu

241 1226 468 1285 hausta
504 1227 807 1304 abriperet
834 1227 1077 1299 flumen,
1106 1230 1213 1285 aut
1252 1225 1659 1285 diuturnitate
1686 1227 1984 1287 fluctuum
2025 1248 2268 1288 corrosa
2295 1231 2432 1289 sub-

240 1316 531 1392 lapsaque
558 1321 778 1392 stagna
804 1314 1276 1392 submergerent.
1335 1311 1464 1372 Sub
1490 1312 1772 1392 Augusto
1792 1316 2161 1375 recrudescit
2188 1318 2430 1393 malum,

241 1426 434 1482 quum
482 1407 668 1464 fraena
705 1407 1027 1466 fastidiens
1081 1405 1304 1464 fluvius
1356 1405 1564 1464 vicina
1613 1406 1763 1483 ripis
1815 1408 2042 1485 templa
2081 1409 2436 1488 Palatiaque

238 1499 471 1575 passim
496 1503 827 1570 everteret3
867 1497 1061 1576 igitur
1086 1504 1148 1556 et
1188 1498 1267 1555 ab
1292 1516 1361 1554 eo
1389 1497 1762 1574 Imperatore
1802 1499 2134 1559 exhaustus
2175 1501 2345 1561 labor
2369 1503 2437 1561 in

240 1591 416 1649 alveo
436 1591 755 1668 purgando
777 1588 1250 1666 diducendoque,
1283 1589 1582 1667 simulque
1610 1595 1839 1648 struem
1867 1597 1931 1649 et
1955 1593 2270 1651 materiem
2296 1613 2437 1652 ave-

239 1681 461 1749 hendo,
484 1689 547 1740 et
564 1700 601 1739 a
623 1680 1084 1740 succedentibus
1104 1681 1393 1739 adversus
1411 1681 1606 1739 simile
1624 1680 1945 1741 discrimen
1969 1704 2152 1761 quam
2175 1685 2436 1744 maxime

241 1779 509 1833 cautum.
593 1774 757 1833 Inito
784 1773 1033 1833 consilio
1074 1773 1142 1831 in
1167 1792 1358 1832 novos
1398 1773 1564 1831 rivos
1591 1793 1697 1832 seu
1725 1773 1992 1832 Tiberim
2031 1796 2140 1835 seu
2167 1796 2276 1853 per
2302 1798 2438 1855 quoe

238 1866 431 1923 alitur
456 1866 707 1925 fiumina
733 1864 1087 1937 divertendi,
1111 1864 1534 1941 superstitione
1562 1869 1669 1923 aut
1696 1865 2028 1941 cupiditate
2057 1867 2436 1944 privatorum

238 1959 351 2018 diu
390 1964 452 2017 et
491 1959 712 2017 acriter
752 1958 1084 2018 obstitum:
1144 1977 1341 2036 neque
1375 1976 1520 2015 sane
1561 1958 1797 2016 utilitas
1834 1958 1981 2018 facti
2024 1961 2218 2020 labori
2261 1968 2435 2022 tanto

239 2053 642 2130 impensaeque
682 2050 887 2111 vitiosi
926 2049 1123 2129 operis
1167 2071 1278 2127 par
1322 2049 1455 2110 fore
1501 2050 1839 2111 videbatur.
1960 2051 2218 2114 Constat
2272 2076 2435 2131 νοτ-ο,

241 2144 437 2203 sicubi
454 2150 517 2203 et
537 2146 686 2203 alias
708 2144 783 2203 de
801 2143 1047 2203 licentia
1072 2149 1307 2202 naturoe
1326 2143 1735 2220 triumphavit
1749 2143 2082 2204 humanum
2100 2146 2436 2226 ingenium,

240 2238 401 2295 hanc
452 2258 637 2295 unam
675 2237 950 2296 omnium
996 2236 1256 2294 maxime
1302 2236 1607 2310 insignem
1652 2238 1992 2314 reportasse
2035 2239 2353 2299 victoriam
2399 2262 2436 2299 a

239 2328 447 2388 fluviis
487 2329 603 2387 sub
647 2330 799 2407 jugo
841 2328 1056 2388 missis.
1157 2326 1389 2401 Quodsi
1435 2332 1609 2387 tanto
1654 2330 1872 2389 accolis
1914 2330 2278 2392 detrimento
2321 2335 2436 2393 sub

242 2421 615 2500 Imperatore
654 2422 802 2480 satis
843 2421 1018 2480 firmo
1058 2425 1121 2479 et
1160 2431 1410 2479 strenuo
1454 2420 1692 2480 Tiberis
1734 2421 2085 2497 insultabat,
2129 2428 2433 2502 quomodo

239 2515 481 2573 obviam
523 2515 601 2571 iri
652 2514 894 2592 injuriis
945 2514 1091 2591 ejus„
1148 2517 1257 2573 aut
1311 2514 1447 2589 quis
1500 2514 1748 2572 tandem
1803 2534 2156 2575 enumerare
2209 2519 2432 2577 damna

240 2613 459 2685 posset,
483 2628 632 2685 quse,
654 2607 823 2683 lapso
851 2605 1115 2684 Imperio
1139 2604 1536 2678 Occidentali,
1560 2605 1698 2664 urbi
1725 2606 2074 2684 ingereret?
2116 2609 2431 2670 Postremo

239 2701 442 2777 ipsum
468 2701 713 2769 malum,
743 2702 815 2756 ut
844 2700 925 2769 fit,
961 2698 1077 2756 sibi
1102 2698 1475 2757 medebatur.
1548 2697 1781 2756 Ferunt
1809 2699 1970 2756 enim
1999 2708 2429 2761 caementorum

241 2803 469 2849 struem
496 2790 939 2867 colluviemque
961 2795 1135 2848 terroe
1156 2810 1193 2848 a
1214 2790 1519 2865 superiore
1537 2790 1669 2847 loco
1691 2796 1978 2863 coactam,
2000 2791 2199 2870 ipsum
2221 2794 2430 2854 Romae

240 2884 437 2942 solum
476 2884 659 2960 pedes
685 2882 811 2941 fere
851 2882 1025 2942 XIV.
1055 2888 1165 2941 aut
1189 2882 1329 2941 XV.
1360 2901 1546 2957 super
1572 2888 1840 2941 veterem
1881 2883 2067 2942 situm
2095 2888 2428 2947 sustulisse.

242 2976 439 3035 Hodie
491 2976 642 3035 satis
688 2980 828 3034 tuta
867 2994 905 3033 a
955 2974 1300 3054 petulantia
1352 2974 1622 3032 fluminis
1677 2975 1822 3035 urbs
1872 2975 2292 3039 habebam—J.
2347 2981 2425 3040 Y.

247 3068 537 3127 SAsonn'r.

1070 3221 1259 3285 XIII.
1343 3220 1592 3299 (CATO.)

358 3352 539 3413 Domi
582 3357 647 3413 et
688 3354 856 3413 intus
903 3352 1110 3425 durus,
1160 3352 1378 3421 tristis,
1421 3351 1841 3429 implacabilis,
1889 3354 2191 3416 molliores
2238 3356 2425 3415 animi

238 3446 488 3505 affectus
514 3446 821 3523 relegabat
848 3451 1140 3523 tauquam
1166 3451 1381 3523 suopte
1408 3445 1651 3522 ingenio
1671 3450 1732 3503 et
1757 3445 1994 3523 justitia
2012 3448 2421 3521 abhorrerent,

237 3543 301 3597 et
325 3538 481 3597 falsa
501 3539 773 3615 quaedam
799 3538 1023 3627 agendi
1046 3537 1355 3615 principia,
1379 3537 1605 3614 gratiae,
1630 3537 1981 3612 clementiae,
2005 3540 2423 3601 misericordiae

239 3638 651 3712 suggererent.
732 3634 903 3691 Idem
946 3638 1077 3691 erat
1116 3638 1177 3690 et
1217 3631 1282 3689 in
1319 3631 1644 3708 republica,
1689 3632 1792 3709 qui
1836 3633 2076 3695 nonnisi
2112 3636 2265 3693 hanc
2309 3636 2426 3695 sibi

237 3726 434 3804 legem
487 3725 912 3803 proposuisset,
956 3723 1119 3802 quod
1164 3728 1402 3782 rectum
1455 3728 1631 3795 esset,
1683 3724 1777 3781 uti
1829 3722 1896 3781 id
1943 3727 2424 3806 amplecteretur,

238 3817 403 3876 nulla
430 3838 637 3877 rerum
663 3824 1084 3896 temporumve
1112 3817 1347 3875 ratione
1377 3814 1602 3888 habita,
1634 3828 1705 3874 ut
1735 3835 1812 3874 ne
1840 3816 1965 3876 vim
1995 3817 2238 3893 quidem
2266 3840 2404 3880 coer*
2457 3822 2636 3853 Α

1312 3924 1349 3965 1)
