2744 4138
1205 199 1359 245 rAnr
1404 200 1478 246 11.
2364 187 2448 246 39

249 349 481 427 justam
508 347 1075 425 peregrinationem,
1107 348 1391 425 voluptas
1422 349 1488 407 in
1514 350 1765 410 taedium
1804 350 2111 408 transiret.
2195 350 2451 424 Quoties

250 442 434 499 finem
460 439 626 512 facit,
656 460 766 517 pro
794 447 958 499 certo
986 439 1208 500 habeas
1235 443 1550 500 materiem
1578 463 1706 502 esse
1733 443 2106 515 exhaustam,
2136 441 2444 519 ingenium

250 533 571 606 hominum
597 535 661 588 in
690 531 761 590 ea
787 531 1133 591 exornanda
1146 533 1303 590 nihil
1328 534 1593 611 amplius
1612 554 1806 616 posse.
1892 533 1960 593 Si
1987 554 2128 592 eum
2153 534 2219 592 in
2245 535 2449 612 aliquo

250 624 597 702 peccavisse
626 643 885 696 censeas,
916 625 1225 702 vituperes
1263 644 1408 684 sane
1449 626 1612 702 quod
1638 628 1699 685 in
1731 626 2050 685 scribendo
2091 626 2218 686 fere
2259 627 2449 686 abun-

250 718 501 775 dantior
527 722 593 775 et
622 717 799 793 quasi
838 717 1203 776 luxuriosior
1243 718 1342 790 sit,
1374 720 1554 795 quod,
1584 719 1752 778 velut
1791 718 2206 778 Authecastus
2245 724 2454 778 noster

250 813 417 891 apud
466 812 807 884 Laberium,
838 812 975 890 plus
1021 814 1305 891 loquatur
1349 833 1536 891 quam
1578 815 1866 893 postules,
1907 835 2018 874 nec
2060 820 2265 874 tamen
2311 815 2454 894 plus

250 925 443 984 quam
469 905 641 964 velis.
722 903 901 964 Adde
938 906 1100 982 quod
1140 907 1458 966 sententiae
1495 907 1548 984 ej
1557 927 1627 965 us
1653 906 2009 965 Horatianis
2047 906 2189 980 illis,
2218 911 2292 965 ut
2331 927 2454 967 non

252 999 457 1057 minus
522 1003 698 1074 aptae,
753 997 841 1056 sic
907 998 1172 1056 multum
1240 997 1364 1057 sint
1429 999 1800 1058 excelsiores.
1904 998 2192 1058 Oratione
2258 1000 2456 1058 utitur

252 1088 659 1169 grandiloqua
686 1095 748 1147 et
774 1089 1019 1167 quidem
1048 1089 1355 1160 nobiliore,
1386 1090 1659 1150 versibus
1697 1091 2227 1164 numerosioribus,
2253 1091 2454 1152 verbis

252 1203 521 1261 quorum
576 1181 917 1240 sublimitas
970 1181 1287 1240 sententiis
1334 1182 1577 1260 egregie
1621 1183 1958 1243 conveniat.
2063 1181 2212 1258 Quae
2253 1184 2458 1243 omnia

253 1277 590 1354 plurimum
641 1274 880 1333 faciunt
924 1275 1003 1340 ad
1058 1275 1339 1334 lectorem
1384 1274 1828 1346 delectandum,
1873 1276 2050 1354 cujus
2095 1296 2217 1354 quo
2262 1277 2458 1354 major

254 1368 500 1426 animus
526 1369 639 1438 est,
671 1386 740 1426 eo
782 1367 1011 1444 majore
1051 1366 1313 1424 afficitur
1353 1365 1595 1443 gaudi0.
1679 1366 1933 1445 Semper
1969 1367 2215 1425 tolutim
2254 1367 2305 1426 it
2331 1367 2458 1429 Ho-

254 1459 473 1531 ratius,
504 1458 697 1537 gradu
737 1458 1080 1517 incita-tiore
1122 1457 1164 1516 J
1166 1459 1456 1530 uvenalis,
1488 1460 1595 1518 sed
1634 1459 1722 1518 ita
1747 1466 1822 1518 ut
1847 1459 1949 1518 cui
1988 1479 2300 1535 nunquam
2339 1459 2459 1518 nisi

255 1550 327 1608 in
377 1550 559 1627 plano
612 1548 1011 1625 equitandum
1064 1549 1161 1606 sit.
1263 1548 1464 1608 Cursu
1515 1549 1714 1608 fertur
1766 1550 2217 1610 vehementiore
2273 1571 2458 1628 quam

256 1641 573 1713 Horatiae,
603 1661 715 1700 nec
742 1647 948 1699 tamen
974 1642 1177 1699 minus
1217 1645 1387 1712 tut03
1429 1639 1549 1718 qua
1574 1641 1758 1700 etiam
1798 1641 2180 1700 vehementia
2219 1643 2458 1701 animus

255 1733 485 1791 mirum
538 1738 836 1809 quantum
882 1737 1301 1791 commovetur
1339 1735 1404 1790 et
1444 1731 1861 1809 erigimus-J.
1896 1731 2264 1806 CONINGTON,
2313 1733 2458 1792 Pro-

242 1827 437 1903 fessor
462 1825 529 1902 of
559 1823 757 1882 Latin.

599 2119 821 2177 XXII.
908 2118 1245 2193 (Dmmu,
1280 2117 1620 2177 ommim
1645 2118 1712 2195 os
1742 2076 2118 2196 memma.)

382 2285 563 2345 Miles
589 2285 656 2343 in
684 2286 1004 2345 Bastillam
1031 2284 1315 2344 detrusus
1336 2284 1516 2362 petiit
1540 2286 1621 2344 ab
1640 2305 1710 2345 eo
1738 2286 1844 2364 qui
1859 2287 2084 2346 carceri
2110 2293 2365 2365 praeerat
2391 2294 2464 2347 ut

260 2377 381 2437 sibi
406 2377 556 2436 tibia
583 2377 694 2436 sua
719 2378 812 2436 uti
850 2378 1077 2447 liceret,
1108 2397 1242 2454 quae
1281 2377 1562 2436 dulcibus
1602 2378 1798 2437 modis
1828 2380 1987 2439 mala
2025 2381 2281 2439 carceris
2321 2401 2461 2440 con-

262 2470 579 2530 solaretur.
664 2469 883 2530 Paucis
910 2474 1052 2546 post
1091 2470 1303 2527 diebus
1331 2470 1478 2528 dum
1507 2468 1656 2528 tibia
1695 2472 1964 2541 canebat,
1995 2472 2152 2530 vidit
2180 2473 2336 2530 alter
2361 2473 2464 2530 ille

266 2562 549 2640 Orpheus
590 2581 709 2620 non
758 2562 889 2619 sine
932 2561 1335 2619 admiratione
1381 2580 1586 2619 mures
1633 2560 1924 2638 plurimos
1954 2582 1987 2620 e
2014 2558 2180 2620 cavis
2225 2563 2465 2623 exsilire

265 2654 583 2731 delabique
613 2675 687 2713 ex
714 2654 1029 2712 textilibus
1067 2653 1319 2711 latebris
1360 2672 1718 2711 aranearum
1761 2673 1996 2731 greges,
2027 2660 2090 2712 et
2115 2656 2291 2732 quasi
2319 2657 2464 2715 orbe

262 2748 428 2805 facto
453 2746 682 2804 circum
712 2751 873 2803 stare
900 2746 1091 2803 donec
1117 2744 1432 2802 inflaretur
1456 2745 1520 2802 id
1547 2746 1712 2823 quod
1737 2746 1859 2804 vim
1876 2751 2112 2804 tantam
2139 2749 2204 2805 iu
2231 2754 2464 2809 mentes

264 2838 600 2897 exercebat.
686 2836 1022 2914 Obstupuit
1041 2838 1309 2914 primum
1335 2832 1597 2895 tibicen:
1627 2856 1770 2895 mox
1797 2857 2009 2897 canere
2037 2838 2251 2898 desiit:
2284 2840 2469 2898 simul

264 2948 586 2990 consessus
616 2931 829 3001 omnis,
848 2934 1063 3011 utpote
1092 2929 1197 3005 qui
1230 2929 1307 2987 ad
1334 2928 1707 2987 audiendum
1723 2949 1984 3003 carmen,
2002 2950 2122 2988 non
2153 2932 2232 2989 ad
2259 2932 2466 2990 viden-

267 3025 419 3082 dum
472 3022 781 3081 hominem
834 3022 1234 3090 convenisset,
1282 3021 1554 3098 dilapsus
1607 3028 1718 3080 est.
1800 3023 2003 3082 Homo
2059 3025 2165 3100 qui
2220 3044 2470 3085 araneas

267 3114 527 3174 maxime
554 3115 826 3173 omnium
851 3120 1251 3186 aversaretur,
1280 3114 1526 3171 nonnisi
1546 3115 1729 3173 tertio
1757 3122 1896 3192 post
1923 3116 2022 3175 die
2038 3117 2254 3176 tibiam
2280 3137 2466 3177 ausus

267 3213 366 3267 est
376 3211 666 3284 repetere.
725 3207 884 3264 Tum
902 3207 1147 3264 demum
1163 3206 1438 3265 novitate
1454 3206 1544 3265 rei
1564 3205 1726 3265 victo
1744 3206 1990 3266 fastidio
2017 3228 2230 3269 canere
2258 3228 2471 3268 rursus

268 3298 559 3375 incoepit:
603 3318 726 3375 quo
754 3298 915 3357 facto
953 3298 1137 3375 longe
1179 3298 1371 3375 major
1397 3317 1716 3357 consessus
1746 3320 1930 3377 quam
1957 3300 2240 3359 adfuerat
2278 3302 2469 3378 priuS,

270 3389 583 3450 confluxit.
664 3389 881 3458 Paullo
923 3396 1063 3466 post
1102 3393 1350 3447 centum
1389 3409 1642 3448 numero
1669 3398 1970 3451 amatores
1997 3392 2215 3452 cantus
2241 3394 2472 3451 circum

268 3504 337 3544 se
391 3484 623 3543 habuit.
724 3484 927 3552 Quum
994 3501 1137 3541 vero
1202 3486 1297 3541 tot
1360 3482 1674 3541 auditores
1739 3485 2161 3558 contraxisset,
2218 3484 2472 3544 exitium
2549 3494 2554 3499 “

272 3575 513 3635 miseris
550 3575 735 3633 homo
777 3573 1066 3632 subdolus
1112 3593 1191 3631 ex
1237 3573 1540 3632 sententia
1581 3575 1965 3636 machinatus
2007 3579 2120 3635 est.
2151 3570 2155 3575 ’
2204 3575 2395 3635 Petiit
2437 3597 2475 3636 a

272 3667 528 3727 custode
555 3672 629 3725 ut
655 3667 771 3725 sibi
799 3667 982 3725 felem
1008 3667 1215 3725 daret:
1259 3670 1571 3743 acceptam
1597 3666 1664 3724 in
1691 3683 1938 3727 caveam
1978 3668 2249 3728 condidit
2275 3695 2289 3729 :
2332 3690 2477 3729 mox

275 3759 478 3911 {misit
518 3779 711 3836 quum
754 3760 1014 3817 maxime
1058 3778 1207 3835 gens
1251 3758 1492 3817 hirsuta
1523 3757 1765 3837 Orphea
1809 3766 1944 3820 arte
1985 3767 2319 3839 caperetur.
2333 3762 2643 3869 -ΕᾸ

331 3867 553 3909 ALMER.
