2744 4138
1212 180 1374 227 nm
1418 181 1495 228 11.
2363 167 2446 227 29

246 327 626 408 Huiusmodi
678 328 945 388 civitatis
995 331 1193 389 multa
1246 330 1562 390 abnormia
1612 329 1786 390 bonis
1839 327 2003 388 haud
2055 329 2449 407 paucioribus

245 427 738 500 compensantur.
821 422 1063 481 Scilicet
1115 423 1374 482 aliorum
1428 421 1771 500 respublica
1823 423 2022 499 magis
2072 423 2138 481 in
2183 424 2449 499 speciem

247 515 557 594 descripta
592 519 724 574 est:
767 535 878 574 nos
913 516 1026 574 soli
1058 535 1216 575 nova
1252 515 1570 587 consuetis,
1614 515 1791 573 firma
1819 514 2137 593 provectis,
2176 519 2241 574 et
2278 517 2448 592 quasi

240 607 591 687 juventutis
618 607 743 668 vim
771 607 1093 667 vetustatis
1119 627 1307 685 prope
1333 608 1644 667 immensae
1670 608 1974 685 majestati
1999 607 2446 687 conjunximus.

1820 697 2109 757 Gonnwm
2153 697 2368 758 Simu.

1087 903 1207 962 ΙΙΙ.
1294 903 1367 980 (J
1368 903 1595 980 umus.)

379 1045 448 1105 Si
472 1045 607 1118 tibi,
644 1045 742 1104 vir
776 1044 1167 1117 nobilissime,
1200 1044 1512 1124 ingenium
1549 1065 1660 1123 par
1691 1045 1834 1103 vitae
1872 1044 2293 1122 voluntatique
2328 1050 2451 1104 tuae

252 1139 496 1199 'Natura
533 1139 861 1210 annuisset,
900 1138 1064 1197 haud
1109 1139 1232 1198 scio
1276 1159 1355 1196 an
1386 1138 1542 1197 alius
1577 1138 1772 1216 magis
1809 1137 2111 1197 exstiterit
2140 1139 2450 1216 pertimes-

253 1233 501 1304 cendus,
546 1231 653 1309 qui
683 1230 749 1288 in
785 1250 976 1308 regno
1011 1231 1165 1290 bene
1200 1235 1538 1308 temperato
1576 1229 1643 1288 in
1678 1229 1888 1308 populi
1923 1230 2273 1290 libertatem
2310 1251 2450 1290 con-

245 1323 565 1401 juraverit.
650 1321 853 1396 Quum
894 1323 1056 1381 enim
1096 1323 1251 1381 nihil
1288 1322 1465 1382 famae
1503 1322 1716 1400 pudor,
1759 1322 1915 1380 nihil
1943 1321 2124 1380 timor
2150 1319 2450 1402 supplicii,

253 1414 410 1473 nihil
436 1414 565 1492 ipse
590 1414 814 1473 mentis
838 1415 1144 1473 cruciatus
1166 1415 1345 1486 obsit,
1368 1415 1692 1492 quominus
1710 1413 2035 1472 deterrima
2060 1414 2454 1492 magistratus

256 1506 424 1564 ineat
462 1507 731 1578 consilia,
774 1513 867 1565 est
904 1510 1113 1566 tamen
1152 1507 1217 1564 in
1254 1527 1326 1566 eo
1366 1507 1598 1585 aliquid
1638 1507 1856 1579 solatii,
1905 1507 2067 1584 quod
2090 1507 2330 1566 infirmo
2373 1507 2454 1566 sit

256 1598 461 1656 animo
487 1603 671 1675 atque
696 1597 1015 1658 imbecillo.
1987 1593 1995 1601 ⁰

378 1689 517 1748 Tibi
544 1709 687 1750 vero
713 1690 778 1747 in
804 1690 880 1750 iis
908 1710 1113 1750 rerum
1141 1689 1442 1767 angustiis
1463 1689 1610 1748 etin
1636 1694 1809 1748 tanto
1837 1689 2186 1749 discrimine
2212 1695 2453 1750 versato

256 1781 311 1840 si
344 1782 662 1859 ingenium
702 1801 813 1859 par
844 1787 1003 1841 esset
1034 1783 1319 1861 periculo,
1345 1782 1714 1860 jamdudum
1750 1781 2016 1859 cogitare
2050 1782 2250 1841 debes.
2334 1782 2455 1856 Qui

253 1874 401 1932 licet
444 1874 521 1932 de
566 1874 878 1932 voluntate
918 1874 1025 1932 tua
1055 1873 1354 1952 judicium
1395 1874 1592 1932 facere
1631 1874 1846 1950 possis,
1899 1872 1976 1932 de
2029 1873 2276 1950 ingenio
2328 1895 2454 1933 non

254 1969 445 2043 potes.
530 1963 733 2037 Quum
759 1965 916 2023 enim
943 1965 1093 2024 fides
1120 1972 1184 2023 et
1220 1965 1571 2041 insipientia
1597 1966 1759 2023 idem
1788 1984 2022 2042 semper
2056 1967 2242 2024 verbo
2283 1967 2451 2026 valu-

255 2062 452 2129 erunt,
480 2056 659 2116 hodie
687 2057 775 2117 rei
813 2057 1003 2117 totius
1038 2056 1192 2117 ratio
1232 2062 1520 2129 mutatur,
1558 2061 1632 2115 ut
1669 2056 1775 2135 qui
1812 2056 2124 2135 improbus
2153 2057 2233 2118 sit
2260 2058 2455 2137 fingat

258 2168 325 2208 se
364 2169 494 2208 esse
534 2150 883 2228 sapientem.
966 2149 1144 2224 Quod
1183 2169 1343 2222 sane,
1387 2149 1484 2209 vir
1523 2150 1908 2221 nobilissime,
1965 2170 2042 2209 ne
2095 2150 2164 2208 in
2215 2156 2280 2211 te
2319 2153 2454 2231 ipso

257 2242 592 2314 admiseriS,
647 2242 975 2300 familiares
1029 2242 1125 2299 tui
1165 2247 1487 2300 verentur:
1546 2260 1642 2313 ne,
1682 2262 1820 2301 cum
1858 2247 1992 2300 tute
2032 2242 2160 2319 ipse
2200 2243 2455 2321 pulchre

258 2333 517 2407 noveris,
547 2333 813 2392 moribus
841 2333 1048 2406 fretus,
1078 2334 1240 2391 ultra
1266 2332 1492 2409 ingenii
1518 2334 1678 2392 vires
1706 2333 2110 2411 progrediare.

1098 2572 1213 2635 IV.
1301 2574 1600 2653 (Bumm.)

382 2714 734 2793 Cogitabam
774 2714 1067 2793 equidem,
1112 2735 1231 2792 quo
1270 2716 1477 2775 afflicti
1515 2717 1766 2795 hujusce
1819 2716 2029 2794 populi
2083 2717 2452 2780 calamitates

258 2807 455 2885 magis
494 2827 602 2867 vos
641 2812 972 2879 moverent,
1029 2808 1236 2884 aliqua
1290 2827 1365 2866 ex
1419 2816 1588 2887 peste
1642 2810 1948 2868 communi
1988 2810 2261 2887 deligere,
2317 2833 2452 2891 quae

259 2904 548 2977 tanquam
581 2900 926 2959 miserrimoe
950 2900 1115 2958 illius
1141 2901 1401 2959 fortunae
1427 2903 1771 2978 exemplum
1796 2906 2029 2961 attente
2054 2903 2451 2981 inspiceretis·

263 2991 501 3068 Quippe
526 3010 601 3048 ex
626 2990 801 3049 malis
828 2991 1105 3049 omnibus
1134 3010 1267 3067 quae
1300 2991 1366 3047 in
1393 2992 1585 3050 vitam
1612 2991 1920 3049 hominum
1946 2992 2210 3053 incidere
2239 2995 2450 3067 solent,

260 3084 375 3143 hoc
414 3082 811 3161 proculdubio
849 3084 1108 3141 maxime
1147 3090 1392 3141 sensnm
1431 3083 1686 3161 attingit
1724 3084 2097 3145 humanum:
2141 3076 2334 3165 n'eque
2360 3097 2454 3148 est

261 3178 611 3251 cujusquam
664 3181 793 3234 tam
846 3176 1139 3233 indomita
1191 3174 1490 3251 superbia,
1547 3177 1696 3252 quin
1749 3176 1862 3237 hoc
1914 3198 2068 3248 eum,
2128 3198 2315 3255 quam
2370 3184 2454 3241 sit

258 3269 477 3327 nature¹
524 3267 741 3326 debilis
786 3274 969 3345 atque
1009 3268 1304 3341 infirmus,
1360 3268 1540 3327 fateri
1587 3275 1782 3347 cogat.
1865 3271 2077 3348 Atqui,
2122 3279 2193 3330 ut
2237 3294 2452 3333 verum

253 3360 465 3431 fatear,
508 3380 632 3418 rem
672 3360 865 3437 ipsam
906 3361 1157 3419 honeste
1208 3365 1473 3419 tractare
1512 3380 1762 3437 neque0.
1847 3362 2044 3421 Tanta
2085 3369 2178 3420 est
2217 3369 2280 3422 et
2323 3370 2451 3425 tam

252 3452 416 3510 foeda
453 3451 799 3531 hujusmodi
838 3454 1136 3511 malorum
1175 3452 1565 3524 deformitas;
1606 3454 1755 3513 adeo
1796 3460 1958 3512 tetra
1997 3455 2168 3515 fuere
2195 3455 2262 3513 in
2290 3460 2448 3535 pati-

253 3544 426 3616 endo,
454 3544 603 3603 adeo
630 3545 697 3601 in
735 3544 988 3604 dicendo
1016 3544 1251 3622 turpia:
1294 3549 1612 3623 tantopere
1639 3546 1836 3623 ipsam
1868 3546 2134 3605 hominis
2170 3553 2454 3609 naturam

254 3658 293 3695 a
335 3636 579 3715 propria
622 3636 763 3696 sede
806 3639 1027 3716 pellere
1074 3659 1145 3698 ac
1192 3638 1511 3698 detrudere
1560 3631 1863 3710 videntur,
1914 3646 1986 3698 ut
2029 3660 2154 3698 rem
2207 3661 2449 3702 omnem

258 3729 441 3808 pallio
467 3729 640 3806 quasi
666 3736 1008 3807 coopertam
1043 3750 1171 3790 esse
1206 3730 1465 3802 mallem,
1505 3736 1586 3801 et,
1628 3731 1792 3807 quod
1830 3731 1960 3808 ipse
1996 3731 2206 3811 lingua
2245 3735 2455 3795 efferre

263 3842 387 3881 non
414 3820 625 3896 audeo,
655 3842 763 3882 vos
790 3822 977 3882 tacita
1000 3823 1182 3884 modo
1207 3829 1409 3883 mente
1436 3823 1874 3901 cogitare—E.
1906 3823 2265 3886 Cornns‘ron.
