2744 4138
291 139 378 202 36
907 153 1036 199 xm
1080 152 1156 200 ro
1201 153 1334 198 rim·
1367 151 1557 199 urm
1603 150 1884 200 muna.

292 304 460 366 modi
505 302 720 381 cippus
767 302 1134 380 Imperatori
1179 299 1877 380 Constantinopolitano
1902 322 2023 379 quo
2064 301 2162 361 die
2203 297 2497 363 coronam

195 409 199 412 ’
291 401 558 458 sumeret
584 395 788 454 offerri
815 395 1064 465 solitus3
1093 393 1208 452 hoc
1225 393 1344 452 sibi
1364 394 1693 454 voluerunt
1720 395 1936 453 calami
1952 394 2043 451 illi
2064 395 2184 453 duo
2202 394 2496 473 Episcopi

293 487 558 548 Romani
597 506 737 545 cum
778 485 904 545 lino
944 491 1008 544 et
1049 503 1222 544 cereo
1261 484 1481 561 positi:
1524 483 1641 542 hoc
1685 484 1940 544 cadaver
1984 485 2382 544 evisceratum
2424 487 2495 544 in

293 580 570 658 AEgypto
597 579 761 636 inter
785 577 996 655 epulas
1023 577 1366 635 adhibitum
1390 601 1404 634 :
1448 575 1563 635 hoc
1593 576 1853 650 denique
1884 576 2307 637 Trimalcionis
2334 578 2497 636 illud

293 671 458 751 apud
501 669 862 730 Petronium
903 668 1272 739 convivium,
1313 668 1381 725 in
1420 669 1541 745 quo
1581 668 1766 726 allata
1808 674 1955 727 sunt
1979 669 2208 727 mortui
2248 689 2387 728 ossa
2414 690 2497 728 ex

293 768 550 843 argento
591 763 749 833 ficta,
779 761 869 819 ita
908 764 981 818 ut
1020 759 1278 838 singulis
1322 759 1595 819 convivis
1640 760 1867 838 singuli
1915 761 2198 839 spondyli
2243 780 2497 838 respon-

293 858 509 918 derent
534 856 692 938 hanc
718 854 782 912 in
809 852 1175 912 sententiam
1203 852 1482 930 inscripti
1506 877 1521 914 ε
1568 858 1583 886 ‘
1603 853 1684 913 Et
1709 853 1853 912 huic
1878 859 1942 912 et
1967 854 2082 912 tibi
2109 853 2499 914 moriendum

293 955 422 1010 est:
467 947 716 1027 proinde
752 967 829 1005 ne
867 946 1029 1003 inter
1056 964 1166 1004 vos
1205 944 1531 1022 aspiciatis,
1561 965 1752 1023 quum
1794 945 1995 1023 imago
2022 946 2149 1004 haec
2188 947 2385 1006 tristis
2412 947 2501 1005 ad.

291 1058 784 1120 unumquemque
824 1041 1098 1096 vestrum
1123 1037 1350 1114 pariter
1392 1037 1733 1113 pertineat.'
1815 1037 1963 1111 Quoe
2002 1037 2247 1115 quidem
2287 1039 2500 1100 omnia

293 1153 406 1212 per
457 1131 888 1192 similitudines
935 1135 1002 1188 et
1057 1130 1345 1208 ambages
1400 1150 1586 1207 grave
1639 1131 1945 1207 quoddam
1998 1135 2065 1189 et
2118 1123 2499 1208 cogitatione

293 1226 550 1303 dignum
590 1222 972 1300 significant:
1014 1241 1210 1298 neque
1252 1221 1416 1279 enim
1456 1221 1510 1279 is
1550 1225 1777 1281 temere
1816 1221 2098 1281 lasciviet
2136 1223 2339 1282 animo
2376 1242 2501 1282 nec
2614 1297 2621 1302 .

293 1318 511 1377 laetitia
536 1337 598 1375 se
627 1320 737 1374 aut
774 1315 919 1373 vino
960 1313 1340 1392 lymphatum
1384 1314 1487 1390 agi
1528 1313 1705 1388 sinet,
1735 1334 1847 1374 nec
1888 1313 2169 1392 superbia
2207 1320 2318 1373 aut
2356 1314 2499 1375 vin-

294 1409 475 1469 dictae
528 1406 730 1466 studio
797 1409 1051 1476 tumere,
1104 1403 1214 1480 qui
1267 1405 1508 1462 omissis
1574 1405 1757 1482 nugis
1824 1425 2033 1464 secum
2100 1406 2495 1482 reputaverit

293 1499 684 1579 migrandum
711 1497 828 1556 sibi
855 1501 996 1573 post
1022 1495 1227 1574 paullo
1267 1514 1397 1553 esse
1426 1496 1490 1553 in
1533 1496 1783 1555 domum
1825 1497 2266 1557 tenebricosam
2308 1503 2499 1575 atque

295 1593 644 1672 ignobilem,
692 1609 815 1668 quo
862 1609 1051 1665 quum
1092 1587 1344 1659 venerit,
1388 1607 1609 1666 corpus
1647 1589 1958 1650 vermibus
1998 1589 2143 1648 dedi
2188 1595 2497 1666 oportere,

294 1687 559 1745 animam
593 1703 734 1744 vero
761 1682 832 1742 ea
858 1679 1205 1740 conditione
1231 1679 1342 1750 uti,
1363 1699 1544 1757 quam
1572 1680 1685 1739 hac
1710 1681 1777 1737 in
1803 1680 1931 1738 vita
1956 1681 2086 1758 ipse
2114 1701 2247 1740 eam
2274 1683 2501 1742 mereri

297 1775 733 1840 voluerit.—E.
765 1774 1034 1833 Panum.

894 1977 1112 2036 XVII.
1189 1977 1504 2056 (Homer,
1535 1978 1661 2038 Fol.
1696 1977 1889 2056 Gent.)

419 2139 556 2197 Hoc
585 2157 745 2196 anno
787 2134 893 2212 qui
920 2138 1028 2192 aut
1055 2133 1121 2192 in
1145 2133 1291 2192 belli
1317 2154 1467 2193 usus
1507 2139 1616 2192 aut
1656 2136 1774 2194 alio
1816 2134 2067 2194 consilio
2108 2136 2240 2213 regi
2281 2136 2499 2196 fiscum

300 2231 886 2299 administraverant,
946 2225 1257 2284 Pontificis
1295 2225 1478 2303 jussu
1518 2228 1585 2285 in
1628 2228 2021 2305 quaestionem
2070 2229 2290 2287 vocati.
2398 2228 2499 2286 Ex

301 2324 525 2401 quibus
577 2320 826 2397 quidam
879 2322 989 2375 aut
1044 2316 1371 2394 largitione
1421 2322 1532 2375 aut
1584 2318 1918 2376 calliditate
1972 2320 2335 2396 effugerunt,
2390 2320 2497 2378 alii

302 2414 544 2493 magnis
571 2410 843 2490 pecuniis
883 2407 1166 2479 multati3
1209 2407 1369 2466 unde
1409 2408 1735 2468 videbatur
1762 2410 1851 2468 ita
1876 2409 2044 2488 frugi
2085 2411 2243 2470 servi
2285 2411 2497 2472 Ponti-

301 2508 478 2567 ficem
511 2504 703 2565 officio
745 2503 1024 2560 functum
1065 2519 1214 2571 esse,
1244 2503 1317 2557 ut
1343 2499 1529 2557 alium
1559 2514 1779 2578 praeter
1804 2521 1869 2561 se
1903 2502 2209 2561 neminem
2250 2503 2499 2562 domino

305 2619 416 2658 suo
463 2597 671 2656 dolum
714 2593 939 2652 inferre
992 2610 1208 2668 passus
1260 2589 1358 2648 sit.
1446 2590 1611 2650 Hinc
1654 2592 1789 2670 pari
1830 2592 2153 2652 severitate
2195 2613 2342 2652 usus
2388 2595 2497 2671 qui

303 2690 558 2771 perjurii
585 2688 673 2748 rei
699 2689 901 2746 essent
941 2684 1205 2742 maxima
1245 2682 1478 2741 saevitia
1517 2683 1853 2761 puniendos
1892 2684 2166 2746 curavitz
2207 2706 2387 2764 quam
2416 2687 2499 2745 ob
2552 2728 2559 2735 -

303 2804 434 2842 rem
461 2798 795 2856 numquam
822 2796 961 2835 eum
989 2776 1135 2833 satis
1164 2774 1408 2834 laudare
1436 2794 1612 2853 posse
1632 2776 1855 2834 videor.
1938 2776 2185 2837 Etenim
2203 2778 2497 2856 quicquid

306 2893 563 2952 usquam
591 2870 755 2930 aliud
795 2867 1155 2927 insidiarum
1198 2870 1308 2937 est,
1339 2865 1534 2924 vitam
1572 2871 1682 2925 aut
1720 2866 1946 2927 famam
1984 2874 2094 2928 aut
2135 2868 2295 2927 bona
2333 2888 2495 2929 com-

307 2966 516 3045 pilare,
546 2964 674 3022 haec
713 2980 836 3020 una
863 2966 1084 3019 cuncta
1125 2958 1304 3017 simul
1348 2956 1582 3015 homini
1621 2958 1850 3037 eripere
1888 2965 2109 3036 potest.
2189 2960 2499 3021 Nonnulla

307 3058 494 3119 etiam
519 3056 586 3113 in
613 3072 946 3133 pauperum
975 3050 1236 3129 gratiam
1261 3048 1495 3127 judicia
1520 3049 1821 3124 instituta,
1850 3057 2063 3109 contra
2088 3053 2319 3112 nobiles
2346 3073 2495 3131 prae-

307 3150 548 3220 sidium,
592 3165 726 3224 quse
771 3144 968 3222 primo
1010 3143 1273 3200 maxime
1316 3141 1620 3200 celebrata
1662 3147 1843 3201 sunt:
1900 3149 2125 3220 postea,
2176 3146 2385 3204 multis
2431 3145 2499 3204 in

297 3239 628 3321 judicando
654 3237 836 3297 moris
872 3235 1234 3310 offensisque
1274 3232 1670 3310 interpositis,
1702 3253 1738 3291 a
1764 3235 1938 3312 plebe
1977 3236 2252 3308 deserta;
2292 3256 2499 3299 omnes

306 3334 463 3397 enim
495 3331 606 3391 sub
633 3329 748 3388 hoc
776 3332 1072 3405 praetextu
1101 3344 1201 3383 ros
1227 3344 1417 3384 novas
1459 3324 1749 3403 suspicati
1787 3325 1866 3385 ad
1891 3326 1991 3404 jus
2017 3327 2328 3404 publicum
2356 3348 2499 3389 con-

303 3430 534 3505 fugere.
617 3421 831 3498 Neque
868 3425 1072 3478 tamen
1119 3417 1405 3475 Pontifici
1439 3418 1696 3493 justitioe
1737 3418 1994 3495 publicoe
2035 3419 2276 3480 laudem
2316 3421 2497 3480 dene-

306 3518 598 3600 gaverim,
643 3514 760 3586 cui,
803 3513 857 3571 si
897 3509 1296 3588 scriptoribus
1339 3510 1729 3581 credendum,
1774 3530 2139 3589 magnopere
2185 3513 2497 3575 studebat.

307 3614 541 3689 Itaque,
571 3606 769 3667 sicubi
808 3602 1277 3680 delinqueretur,
1308 3620 1493 3677 quam
1512 3601 1822 3661 acerrime
1848 3602 1914 3660 in
1942 3623 2076 3663 reos
2116 3604 2497 3665 animadver-

305 3700 508 3766 tebat:
550 3699 670 3761 nisi
697 3699 750 3759 si
777 3697 944 3776 prius
973 3696 1144 3755 litem
1171 3693 1567 3754 decidendam
1594 3695 1925 3757 curassent.

1916 3787 1979 3849 J.
2007 3786 2087 3849 Y.
2118 3789 2411 3853 SAaenn‘r.
