2744 4138
1231 157 1388 201 mm}
1434 158 1521 201 Π.
2381 140 2465 200 65

276 308 581 381 provecta,
605 306 678 360 ut
703 303 958 361 arbitria
981 304 1127 362 belli
1153 305 1435 382 pacisque
1462 307 1620 364 inter
1646 311 1876 366 ceteras
1908 305 2162 382 Europae
2186 303 2466 363 civitates

273 403 480 474 ageret
503 422 516 456 ε
561 397 694 473 pari
719 415 1006 473 processu
1033 399 1095 454 et
1123 414 1264 474 opes
1303 398 1437 474 ejus
1463 402 1527 456 et
1553 399 1641 457 rei
1671 398 1895 456 bellicae
1922 397 2118 474 gloria
2158 403 2463 467 exauctae3

273 488 529 564 publicae
582 487 723 545 fidei
765 493 892 544 tam
939 487 1241 564 sapienter
1283 508 1467 566 quam
1515 496 1861 549 constanter
1906 495 2159 547 servatae
2212 488 2465 546 mirifica

273 581 545 656 quaedam
574 579 668 637 vis
707 580 1023 656 paullatim
1064 580 1289 654 addita,
1321 583 1561 659 qualem
1602 603 1677 640 ne
1716 602 1958 659 sperare
2000 581 2243 658 quidem
2284 585 2464 656 potu-

271 671 462 729 issent
490 670 596 745 qui
621 671 687 726 in
713 671 893 729 rebus
917 671 1176 748 publicis
1203 673 1543 750 antiquitus
1571 674 1798 732 versati
1812 678 2000 732 erant.
2087 671 2462 730 Gemmercia

270 783 439 840 paene
467 763 738 822 infinita:
783 783 926 840 opes
961 763 1297 834 maritimae,
1328 784 1585 842 quarum
1612 786 1735 843 prae
1762 763 2185 842 magnitudine
2210 782 2459 841 prorsus

269 858 345 914 ad
374 857 635 914 nihilum
660 856 960 933 redigitur
981 856 1268 934 quicquid
1293 857 1477 935 hujus
1497 861 1734 936 generis
1761 861 2068 936 copiarum
2087 857 2219 916 aliae
2246 864 2459 934 gentes

264 951 532 1026 >antiquae
552 950 680 1007 sive
700 949 1061 1007 recentiores
1078 950 1438 1008 habuerunt.
1496 941 1837 1025 Caledonia,
1856 957 2060 1012 vetere
2075 950 2140 1008 in
2168 948 2456 1025 Angliam

266 1042 402 1098 odio
431 1040 698 1112 remisse,
729 1041 856 1116 jam
891 1039 1134 1099 foederis
1173 1041 1424 1100 ¹vinculo
1470 1043 1670 1100 minus
1711 1048 1879 1102 arcte
1922 1062 2107 1120 quam
2147 1059 2351 1100 amore
2395 1046 2457 1098 et

265 1132 696 1190 commoditate
723 1133 1078 1208 conjuncta:
1124 1138 1420 1210 occupata
1458 1135 1707 1194 coloniis
1748 1135 2116 1194 Britannicis
2153 1131 2454 1204 America„

263 1225 438 1284 facile
468 1224 696 1282 divitiis
723 1229 906 1300 atque
933 1225 1148 1302 opibus
1183 1226 1460 1304 regiones
1500 1227 2001 1304 exsuperantibus
2025 1247 2063 1286 a
2092 1224 2364 1306 Gortesio
2392 1228 2455 1301 et

265 1319 588 1376 Pizarrone
614 1319 681 1375 in
709 1317 910 1376 Caroli
944 1319 1138 1395 quinti
1179 1309 1470 1379 ditionem
1509 1322 1817 1381 redactas:
1860 1319 2172 1381 conditum
2212 1317 2278 1375 in
2302 1315 2454 1374 Asia

262 1413 343 1470 ab
369 1411 618 1468 advenis
647 1409 959 1470 Britannis
985 1411 1308 1488 imperium
1327 1412 1658 1472 Alexandri
1680 1414 2029 1474 Macedonis
2048 1430 2237 1490 regno
2253 1429 2449 1487 neque

261 1503 590 1579 angustius
617 1501 838 1560 finibus
864 1506 928 1560 et
953 1501 1308 1560 diuturnum
1335 1504 1702 1582 magis.-—E.
1737 1505 2055 1565 Rimmon
2100 1502 2381 1564 Gnvronn.
