2744 4138
290 165 328 224 8
906 181 1033 227 Kar
1079 182 1154 227 ro
1199 182 1321 225 11111
1358 181 1550 226 urm
1599 179 1876 224 MANUAL.

1306 415 1462 473 ΧΠ.

406 555 483 614 In
509 555 765 636 privatis
794 555 990 624 rebus,
1022 555 1075 614 si
1101 556 1395 634 quierem
1411 556 1760 614 mandatam
1776 574 1897 613 11011
1918 554 2097 612 modo
2115 555 2487 616 malitiosius

285 648 586 726 gessisset,
616 647 713 707 8111
738 647 1005 724 quaestfis
1030 655 1138 707 aut
1166 648 1464 707 commodi
1491 646 1690 720 causa,
1721 667 1932 707 verum
1959 647 2145 706 etiam
2170 650 2488 727 negligen-

283 743 428 813 tius,
482 760 623 799 eum
677 741 933 817 majores
987 759 1293 800 summum
1342 739 1660 799 admisisse
1714 738 1976 798 dedecus
2030 739 2486 800 existimabant.

285 833 504 910 Itaque
530 832 801 891 mandati
826 832 1229 891 constitutum
1256 837 1349 892 est
1366 831 1686 910 judicium,
1715 849 1839 889 non
1867 831 2069 889 minus
2097 836 2276 909 turpe
2299 852 2487 910 quam

282 924 469 996 furti3
513 925 693 984 credo
731 929 1051 1002 propterea
1090 924 1254 1002 quod
1293 925 1516 1002 quibus
1554 924 1620 981 111
1661 924 1842 982 rebus
1879 923 1998 1000 ipsi
2036 923 2326 984 interesse
2359 945 2489 984 non

282 1035 618 1094 possumus,
648 1017 714 1075 in
740 1016 854 1088 his,
886 1035 1080 1094 operoe
1112 1023 1333 1076 nostrae
1358 1016 1604 1087 vicaria,
1633 1016 1783 1074 fides
1823 1015 2158 1074 amicorum
2199 1017 2486 1095 supponi-

283 1114 423 1168 tur:
464 1128 650 1185 quam
677 1108 783 1184 qui
808 1107 989 1179 laedit,
1015 1113 1329 1187 oppugnat
1357 1108 1629 1166 omnium
1657 1127 1974 1166 commune
2001 1108 2372 1185 praesidium,
2403 1114 2486 1181 et,

284 1204 582 1278 quantum
608 1201 674 1258 in
708 1201 841 1278 ipso
865 1206 977 1271 est,
1007 1200 1311 1259 disturbat
1339 1203 1480 1259 vitoe
1519 1200 1886 1259 societatem.
1971 1199 2110 1258 Non
2149 1201 2311 1261 enim
2349 1221 2486 1279 pos·

285 1313 495 1352 sumus
537 1293 742 1352 omnia
782 1312 893 1371 per
932 1312 1043 1351 nos
1080 1312 1293 1371 agere:
1350 1293 1508 1352 alius
1552 1291 1619 1350 in
1665 1290 1783 1350 alia
1820 1311 1888 1350 re
1927 1296 2021 1351 est
2061 1293 2258 1371 magis
2297 1294 2484 1354 utilis.

284 1385 520 1445 Idcirco
564 1383 843 1443 amicitioe
884 1388 1327 1462 comparantur,
1368 1391 1440 1444 ut
1476 1403 1795 1443 commune
1831 1384 2215 1442 commodum
2254 1385 2485 1444 mutuis

284 1477 493 1536 officiis
533 1477 921 1555 gubernetur.
1008 1476 1168 1551 Quid
1204 1478 1426 1554 recipis
1453 1476 1823 1548 mandatum,
1857 1477 1909 1536 si
1937 1482 2045 1535 aut
2071 1479 2484 1556 neglecturus,

283 1577 393 1628 aut
419 1571 500 1630 ad
525 1575 703 1628 tuum
730 1571 1111 1630 commodum
1139 1590 1543 1630 conversurus
1569 1590 1634 1629 es
1660 1569 1688 1628 ἱ)
1774 1568 1898 1628 Cur
1924 1569 2075 1628 mihi
2103 1575 2164 1629 te
2191 1572 2384 1642 offers,
2413 1590 2486 1628 ac

283 1663 435 1723 meis
480 1662 829 1735 commodis,
869 1662 1063 1720 officio
1108 1663 1410 1731 simulato,
1449 1661 1635 1720 officis
1683 1665 1745 1720 et
1791 1660 2046 1721 obstas?
2128 1663 2368 1722 Recede
2407 1663 2485 1720 de

283 1756 513 1816 medio:
558 1776 667 1832 per
693 1755 878 1815 alium
903 1756 1252 1833 transigam.
1338 1754 1610 1833 Suscipis
1632 1774 1784 1813 onus
1805 1755 2002 1827 officii,
2027 1757 2190 1831 quod
2219 1762 2279 1814 te
2307 1761 2488 1833 putas

284 1849 584 1906 sustinere
623 1868 830 1926 posse;
873 1849 1037 1926 quod
1064 1848 1309 1907 minime
1336 1848 1580 1908 videtur
1618 1867 1804 1925 grave
1832 1847 1924 1919 iis,
1956 1849 2065 1924 qui
2094 1848 2342 1907 minime
2370 1847 2490 1926 ipsi

283 1942 447 1999 leves
488 1946 650 2000 sunt.
734 1940 901 2018 Ergo
941 1940 1165 2000 idcirco
1208 1940 1407 2017 turpis
1447 1941 1575 1999 hoec
1615 1940 1794 2017 culpa
1834 1945 1946 2010 est,
1989 1940 2151 2017 quod
2192 1941 2346 1999 duas
2387 1961 2488 2020 res

286 2033 698 2093 sanctissimas
750 2032 956 2105 violat,
1012 2032 1345 2092 amicitiam
1397 2036 1460 2091 et
1516 2031 1725 2091 fidem:
1789 2052 1932 2091 nam
1984 2052 2182 2109 neque
2235 2032 2487 2091 mandat

287 2128 608 2203 quisquam
623 2124 749 2185 fere
769 2126 888 2183 nisi
903 2125 1130 2198 amico;
1172 2145 1367 2204 neque
1385 2125 1594 2197 credit,
1613 2125 1733 2182 11181
1753 2124 1809 2183 01
1829 2144 2008 2201 quem
2025 2124 2262 2184 fidelem
2290 2130 2483 2202 putat.

286 2220 363 2277 In
404 2219 673 2277 minimis
712 2218 912 2291 rebuS,
952 2219 1059 2296 qui
1085 2219 1442 2277 mandatum
1480 2218 1836 2296 neglexerit,
1864 2218 2216 2294 turpissimo
2249 2218 2483 2296 judicio

285 2314 722 2371 condemnetur
752 2330 994 2369 necesse
1030 2314 1156 2369 est:
1201 2310 1260 2367 in
1292 2330 1357 2368 re
1397 2309 1582 2380 tanta,
1623 2330 1762 2367 cum
1801 2308 1873 2379 18,
1904 2310 2003 2368 0111
2040 2310 2202 2368 fama
2237 2310 2484 2381 mortui,

283 2405 546 2464 fortunae
570 2404 716 2474 vivi,
746 2402 1179 2461 commendatae
1206 2406 1350 2460 sunt
1383 2406 1565 2478 atque
1593 2402 1966 2469 concreditae,
1998 2402 2219 2461 damno
2250 2403 2478 2474 vivum,

284 2495 619 2574 ignominia
658 2500 963 2556 mortuum
1006 2493 1407 2553 affecerit—is
1443 2493 1604 2552 inter
1643 2494 1928 2553 honestos
1967 2493 2261 2566 homines,
2302 2500 2486 2571 atque

284 2592 433 2649 adeo
481 2590 645 2648 inter
688 2588 859 2646 vivos
899 2586 1319 2645 numerabitur
1337 2585 1577 2646 ?—-Clc.
1613 2606 1725 2663 pro
1754 2586 1918 2644 Rosc.
1947 2585 2243 2660 Amerino,
2275 2588 2351 2665 ἐξ
2386 2586 2492 2659 38,“

284 2683 380 2743 39.

1294 2844 1483 2901 ΧΙῙῙ.

402 2990 538 3065 Quo
558 2990 791 3049 diutius
817 2988 1173 3048 trahebatur
1198 2987 1445 3057 bellum,
1469 2989 1530 3044 et
1550 2984 1867 3043 variabant
1889 2986 2166 3045 secundae
2185 2986 2478 3045 adversoe-

282 3105 401 3162 que
428 3100 524 3142 res
565 3102 688 3140 non
724 3081 1036 3141 fortunam
1076 3079 1289 3157 magis,
1326 3097 1511 3154 quam
1544 3077 1794 3144 animos,
1824 3076 2156 3147 hominum,
2187 3083 2362 3137 tanta
2387 3097 2477 3136 re-

281 3178 446 3253 ligio,
482 3177 546 3236 et
582 3196 652 3235 ea
688 3173 915 3252 magna
956 3195 1031 3233 ex
1073 3176 1249 3251 parte
1293 3175 1563 3243 externa,
1603 3171 1914 3229 civitatem
1960 3170 2227 3241 incessit,
2268 3176 2341 3230 ut
2375 3176 2482 3230 aut

282 3272 571 3340 homines,
624 3262 735 3328 aut
788 3268 876 3326 dii
928 3271 1177 3343 repente
1231 3264 1337 3322 alii
1381 3264 1734 3323 viderentur
1784 3264 1954 3323 facti.
2056 3263 2117 3321 N
2119 3282 2188 3322 ec
2233 3264 2364 3341 jam
2419 3264 2482 3321 in

281 3367 511 3423 secreto
539 3361 718 3420 modo
746 3364 929 3438 atque
968 3358 1133 3416 intra
1163 3357 1424 3435 parietes
1451 3356 1847 3416 abolebantur
1885 3356 2146 3414 Romani
2174 3356 2347 3428 ritus,
2377 3356 2485 3414 sed

281 3455 345 3513 in
374 3453 623 3533 publico
650 3472 722 3511 ac
749 3451 881 3510 foro
909 3449 1332 3529 Capitolioque
1358 3448 1685 3507 mulierum
1717 3448 1901 3507 turba
1939 3452 2090 3517 erat,
2121 3466 2232 3506 nec
2261 3447 2482 3506 sacrifi-

280 3566 345 3607 ca
356 3546 573 3616 utinm,-
600 3564 713 3602 nec
742 3543 1120 3619 precantium
1159 3541 1303 3600 deos
1342 3540 1542 3617 patrio
1581 3560 1763 3605 more.
1849 3538 2187 3598 Sacrificuli
2212 3559 2284 3599 ac
2313 3544 2484 3598 vates

181 3642 191 3651 ‘
282 3644 569 3713 ceperant
622 3634 934 3694 hominum
988 3636 1257 3710 mentes:
1326 3650 1588 3708 quorum
1639 3650 1963 3688 numerum
2026 3630 2202 3688 auxit
2254 3630 2483 3689 rustica

279 3729 465 3808 plebs,
496 3748 572 3787 ex
599 3725 849 3785 incultis
877 3724 1118 3782 diutino
1154 3723 1314 3784 bello
1352 3722 1706 3799 infestisque
1733 3721 1896 3799 agris
1925 3726 2194 3797 egestate
2221 3728 2286 3781 et
2312 3727 2479 3782 metu

280 3821 347 3879 in
386 3822 599 3879 urbem
639 3818 981 3896 compulsa3
1028 3820 1092 3875 et
1130 3820 1398 3893 quaestus
1439 3834 1513 3873 ex
1561 3814 1758 3873 alieno
1799 3834 1999 3874 errore
2039 3814 2255 3886 facilis,
2299 3834 2478 3892 quem
