2744 4138
1223 111 1380 156 mur
1425 111 1488 156 v.
2381 96 2458 160 71

216 276 463 317 rerum
493 256 701 335 gloria,
730 258 1079 316 loetaturum
1105 258 1311 331 fuisse,
1340 258 1395 316 si
1427 257 1644 317 scisset
1679 277 1744 318 se
1775 258 1841 315 in
1869 259 2200 318 solitudine
2227 259 2460 340 Egypt-

216 351 457 410 iorum
510 351 889 410 trucidatum
932 352 1029 421 iri,
1073 351 1294 410 amisso
1343 351 1649 423 exercitu3
1706 357 1845 429 post
1897 357 2159 410 mortem
2206 372 2351 412 vero
2390 374 2462 417 ea

216 448 676 514 consecutura,
708 462 842 519 quae
869 443 999 501 sine
1025 443 1308 520 lacrymis
1335 463 1458 500 non
1486 463 1806 520 possumus
1836 442 2084 502 dicere?

359 535 542 609 Quid
571 557 714 595 vero
756 536 1052 594 Oaesarem
1092 534 1426 612 putamus?
1514 536 1580 595 Si
1621 535 1967 609 divinasset,
1996 536 2140 608 fore,
2171 541 2245 595 ut
2283 537 2347 595 in
2387 557 2459 598 eo

217 637 473 686 senatu
500 648 684 706 quem
711 629 938 705 majore
981 648 1056 686 ex
1096 635 1267 705 parte
1309 629 1438 705 ipse
1479 629 1836 706 cooptasset,
1865 633 1960 686 tot
2000 629 2458 688 centurionibus

216 719 367 776 suis
436 721 943 797 inspectantibus,
992 739 1029 777 a
1082 720 1474 778 nobilissimis
1518 721 1774 792 civibus,
1821 720 2041 797 partim
2085 739 2122 777 a
2170 741 2234 779 se
2273 722 2457 780 rebus

215 809 539 870 omnibns
582 812 831 882 ornatiS‚
877 811 1217 868 trucidatus
1254 811 1343 868 ita
1386 811 1638 887 jaceret,
1684 816 1754 869 ut
1806 811 1884 869 ad
1928 831 2068 870 eum
2110 831 2233 870 non
2274 813 2455 872 modo

212 904 607 974 amicorum,
650 902 756 960 sed
803 922 880 960 ne
920 922 1232 960 servorum
1253 897 1536 980 quidem,
1578 903 1899 980 quisquam
1939 905 2288 964 accederet:
2329 925 2454 982 quo

213 997 533 1056 cruciatu
559 996 747 1054 animi
774 997 966 1055 vitam
994 1002 1272 1054 acturum
1299 994 1535 1054 fuisse?
1603 994 1782 1053 Certe
1807 996 2002 1073 igitur
2029 996 2332 1074 ignoratio
2359 997 2452 1054 fu-

210 1092 535 1147 turorum
562 1091 857 1147 malorum
875 1088 1085 1147 utilior
1100 1092 1212 1158 est,
1231 1107 1418 1164 quam
1439 1088 1917 1148 scientia—Cic.
1943 1091 2012 1146 de
2026 1091 2291 1150 Divinat.
2312 1090 2372 1150 ii.
2394 1093 2450 1150 9.

1269 1305 1418 1365 VII.

371 1449 442 1507 Si
469 1449 711 1507 tabulas
739 1447 963 1525 petitor
988 1447 1219 1524 accepti
1246 1452 1309 1505 et
1328 1447 1574 1525 expensi
1591 1447 1822 1525 profert
1841 1469 1981 1507 suas
2006 1449 2073 1506 in
2100 1469 2274 1508 suam
2299 1471 2448 1524 rem,

224 1559 359 1600 suo
389 1541 690 1600 arbitratu
718 1541 1005 1616 scriptas;
1048 1539 1367 1616 quominus
1406 1541 1742 1598 secundum
1782 1541 1956 1597 illum
1994 1541 2297 1618 judicetis,
2325 1564 2449 1602 non

221 1653 484 1694 recuso.
570 1633 721 1706 Quis
748 1632 862 1690 hoc
887 1632 1077 1690 frater
1103 1631 1295 1700 fratri,
1329 1632 1465 1708 quis
1494 1651 1711 1707 parens
1740 1632 1862 1689 filio
1885 1629 2119 1703 tribuit,
2143 1638 2230 1706 ut,
2257 1637 2446 1711 quod,-

228 1745 493 1803 cunque
535 1726 861 1796 retulisset,
895 1724 962 1782 id
1001 1728 1201 1782 ratum
1243 1722 1540 1781 haberet?
1625 1724 1854 1782 Ratum
1896 1723 2141 1782 habebit
2169 1726 2445 1785 Roscius.

234 1817 508 1875 Profer:
554 1817 717 1893 quod
755 1816 868 1874 tibi
896 1817 1079 1872 fuerit
1108 1834 1478 1891 persuasum,
1507 1815 1650 1878 huic
1691 1815 1810 1873 erit
1850 1835 2237 1894 persuasum:
2280 1819 2446 1895 quod

232 1909 366 1968 tibi
394 1909 581 1968 fuerit
608 1909 948 1986 probatum,
977 1907 1118 1966 huic
1148 1909 1265 1966 erit
1294 1909 1636 1985 probatum.

375 2001 541 2077 Quid
567 2003 653 2059 ita
680 2022 802 2059 non
830 1999 1110 2079 profers?
1167 1999 1307 2057 Non
1336 2000 1577 2058 conficit
1606 2000 1843 2058 tabulas
1867 1998 1896 2059 Ρ
1954 2000 2150 2059 Immo
2167 2001 2446 2082 diligent-

232 2094 471 2154 issime.
556 2096 617 2153 N
618 2098 699 2153 on
744 2095 929 2153 refert
976 2113 1163 2169 parva
1209 2092 1455 2151 nomina
1501 2093 1567 2149 in
1611 2093 1845 2151 codices
1867 2092 1896 2151 P
1979 2094 2194 2166 Immo,
2237 2116 2447 2157 omnes

233 2206 536 2246 summas,
618 2188 777 2245 Leve
844 2190 907 2245 et
959 2191 1142 2245 tenue
1197 2185 1312 2242 hoc
1365 2205 1587 2243 nomen
1609 2183 1638 2243 Ρ
1746 2184 2216 2251 HSOCCIOOO
2277 2197 2442 2249 sunt,

240 2279 565 2354 Quomodo
607 2280 719 2337 tibi
766 2282 940 2336 tanta
990 2276 1245 2355 pecunia
1298 2276 1776 2336 extraordinaria
1813 2277 2027 2355 jacet?
2132 2280 2447 2354 Quomodo

238 2371 719 2436 HSCOCIQOO
748 2372 815 2429 in
842 2370 1049 2429 codice
1075 2369 1306 2447 accepti
1348 2374 1411 2428 et
1439 2370 1688 2446 expensi
1727 2390 1864 2433 non,
1891 2370 2084 2429 sunt?
2170 2374 2309 2445 Pro,
2341 2373 2447 2432 Dii

236 2464 650 2523 immortales!
723 2482 929 2522 essene
983 2480 1351 2540 quemquam
1399 2462 1569 2521 tanta
1623 2463 1876 2522 audacia
1929 2463 2271 2539 praeditum,
2319 2466 2445 2542 qui,

242 2556 413 2635 quod
440 2575 659 2614 nomen
686 2555 907 2614 referre
934 2554 1001 2611 iu
1028 2553 1267 2611 tabulas
1297 2552 1526 2623 timeat,
1557 2553 1620 2610 id
1647 2558 1848 2630 petere
1876 2554 2097 2612 audeat
2120 2554 2148 2613 Ρ
2193 2556 2356 2632 quod
2380 2557 2447 2615 in

242 2648 516 2709 codicem
541 2648 845 2725 injuratus
873 2646 1094 2704 referre
1121 2646 1334 2717 noluit,
1364 2644 1428 2702 id
1460 2645 1670 2721 jurare
1697 2645 1762 2702 in
1800 2644 1968 2703 litem
1995 2665 2121 2703 non
2148 2647 2394 2707 dubitet
2413 2648 2442 2707 Ρ

245 2741 411 2820 quod
439 2740 554 2799 sibi
582 2740 835 2819 probare
861 2758 985 2796 non
1012 2738 1219 2815 possit,
1250 2737 1316 2794 id
1342 2737 1702 2813 persuadere
1731 2736 1908 2795 alteri
1935 2738 2237 2798 conetur?

364 2832 643 2891 Nimium
670 2832 790 2889 cito
818 2830 903 2890 ait
930 2849 1027 2887 me
1055 2829 1365 2906 indignari
1395 2827 1470 2886 de
1497 2827 1755 2887 tabulis:
1799 2849 1920 2887 non
1964 2830 2185 2889 habere
2223 2851 2287 2889 se
2327 2832 2443 2893 hoc

242 2945 465 2984 nomen
504 2926 573 2983 in
613 2912 814 2981 codice
854 2920 1086 2999 accepti
1127 2924 1190 2977 et
1231 2920 1479 2995 expensi
1522 2919 1783 2977 relatum
1825 2920 2180 2981 confitetur:
2224 2925 2333 2983 sed
2372 2924 2439 2982 in

244 3015 608 3076 adversariis
638 3020 840 3094 patere
877 3013 1207 3072 contendit.
1292 3011 1506 3087 Usque
1543 3011 1774 3069 adeone
1816 3016 1878 3069 te
1919 3012 2144 3091 diligis,
2174 3021 2237 3073 et
2276 3036 2441 3093 mag-

246 3108 426 3167 nifice
480 3106 911 3185 circumspicis,
955 3108 1026 3160 ut
1078 3101 1418 3179 pecuniam,
1467 3121 1590 3158 non
1637 3121 1713 3159 ex
1759 3102 1883 3159 tuis
1924 3104 2170 3178 tabulis,
2215 3107 2321 3165 sed
2367 3127 2441 3165 ex

245 3199 627 3268 adversariis,
651 3204 820 3275 pet-as
840 3196 869 3255 ⁶?
930 3196 1123 3255 Suum
1144 3194 1415 3253 codicem
1436 3194 1611 3252 testis
1632 3194 1763 3252 loco
1784 3195 2056 3267 recitare,
2081 3199 2442 3274 arrogantiae

248 3298 371 3364 est3
413 3310 659 3351 suarum
688 3289 1190 3366 perscriptionum
1220 3292 1281 3344 et
1310 3287 1628 3345 liturarum
1655 3287 2000 3347 adversaria
2030 3291 2297 3367 proferre
2318 3311 2440 3349 non

246 3384 509 3443 amentia
535 3382 674 3443 est?
735 3382 909 3455 Quod
936 3380 989 3438 si
1010 3380 1281 3439 eamdem
1301 3379 1447 3451 vim,
1472 3378 1869 3455 diligentiam,
1894 3382 2440 3458 auctoritatemque

244 3478 469 3536 habent
494 3475 857 3545 adversaria,
877 3494 1055 3551 quam
1083 3471 1332 3531 tabulae:
1363 3472 1515 3547 quid
1542 3472 1767 3529 attinet
1786 3472 2052 3531 codicem
2076 3472 2390 3533 instituere
2407 3474 2436 3534 Ρ

244 3568 666 3629 conscribere?
730 3567 1003 3627 ordinem
1048 3583 1402 3623 conservare
1421 3562 1450 3622 P
1507 3565 1809 3623 memoriae
1850 3566 2085 3623 tradere
2124 3566 2436 3629 literarum

243 3667 609 3721 vetustatem
630 3659 659 3719 P
746 3659 883 3731 Sed,
935 3658 1005 3729 si,
1049 3656 1209 3734 quod
1251 3657 1618 3715 adversariis
1660 3655 1813 3714 nihil
1850 3656 2168 3731 credimus,
2211 3658 2436 3721 idcirco

244 3756 509 3814 codicem
536 3753 797 3812 scribere
822 3750 1235 3810 instituimus:
1266 3748 1430 3826 quod
1457 3749 1618 3826 apud
1644 3769 1856 3809 omnes
1885 3750 2015 3811 leve
2042 3757 2105 3811 et
2127 3752 2436 3817 infirmum
