2744 4138
268 139 355 200 64
887 153 1015 199 nr
1058 152 1135 200 'ro
1183 153 1304 200 mr.
1349 152 1534 199 urm
1579 153 1854 200 minim..

1007 386 1284 446 XXVII.
1374 387 1719 464 (HOLDEN.)

391 517 674 579 Vidimus
701 516 900 576 adhuc
927 515 1091 576 hunc
1117 516 1412 596 populum
1441 516 1786 576 Romanum
1828 516 2147 596 peuilatim
2189 535 2463 575 crescere

273 612 504 691 opibus,
523 609 738 671 deinde
757 629 953 668 unum
971 609 1132 668 orbis
1149 614 1454 668 terrarum
1480 609 1799 667 arbitrium
1824 609 2113 669 obtinere.
2168 608 2467 668 Vidimus

276 723 378 764 eus
441 702 704 764 virtutes
757 721 891 779 quoe
941 700 1104 760 vires
1169 700 1513 780 reipublicae
1568 705 1631 760 et
1677 701 1995 761 victoriam
2028 697 2467 779 suppeditent,

276 795 646 875 pedetentim
673 793 739 851 in
778 793 1088 854 civitatem
1125 793 1495 870 immigrare,
1526 793 1676 852 dum
1702 795 1767 852 in
1794 792 2181 872 praepotentis
2220 791 2468 870 imperii

277 888 498 948 molem
524 887 944 945 coalescerent.
1012 886 1055 945 J
1055 905 1151 943 am
1179 884 1321 945 inde
1349 884 1577 962 species
1592 886 1773 963 longe
1800 887 1920 956 elia
1940 886 2102 944 subit
2127 908 2141 944 ε
2181 886 2467 965 princeps

279 981 504 1060 quippe
537 984 841 1038 terrarum
867 980 1127 1057 populus
1151 978 1229 1038 ad
1258 999 1322 1039 se
1349 976 1545 1036 trahit
1565 998 1938 1057 quaecunque
1956 978 2105 1038 vitia.
2124 978 2467 1048 discidium,

279 1074 652 1144 servitutem,
683 1076 985 1148 postremo
1011 1070 1266 1130 exitium
1294 1069 1521 1130 inferre
1548 1072 1799 1149 possint.
1881 1071 2003 1130 Hic
2031 1071 2197 1147 quasi
2226 1089 2468 1129 summo

279 1183 389 1223 suo
431 1163 564 1220 loco
611 1166 773 1220 stare
823 1161 1132 1220 videbitur
1170 1180 1268 1220 res
1309 1161 1623 1222 Romana:
1685 1161 1830 1220 licet
1870 1162 2030 1220 enim
2072 1161 2147 1220 de
2190 1161 2469 1239 pluribus

279 1260 489 1334 postea
540 1253 822 1331 gentibus
874 1252 1322 1330 triumphatum
1377 1255 1474 1326 sit,
1539 1253 1809 1330 finesque
1871 1253 2115 1312 ditionis
2177 1253 2469 1312 Romanae

281 1345 601 1426 propagati
625 1345 764 1418 sint,
796 1345 1002 1422 gloriae
1029 1348 1234 1403 tamen
1273 1345 1477 1422 potius
1519 1363 1699 1422 quam
1740 1345 1944 1403 robori
1983 1344 2326 1403 consultum
2353 1350 2467 1402 est.

284 1438 466 1512 Quod
519 1437 571 1498 si
625 1437 772 1496 satis
825 1437 932 1494 diu
984 1435 1169 1496 etiam
1221 1441 1361 1515 post
1414 1436 1689 1495 immissa
1742 1436 1893 1494 vitia
1947 1437 2161 1514 priscae
2214 1436 2469 1495 virtutis

282 1527 571 1589 memoris.
595 1527 871 1588 nonnihil
896 1527 1153 1600 valebat,
1175 1533 1395 1599 tamen,
1416 1528 1607 1588 sicubi
1635 1526 1851 1588 deinde
1877 1547 2097 1587 nomen
2124 1528 2470 1586 Romanum

282 1622 358 1681 de
383 1621 660 1681 hostibus
687 1620 1109 1698 triumpharet,
1131 1611 1322 1697 quum
1347 1639 1527 1697 agros
1554 1620 1671 1679 sibi
1695 1640 1820 1680 non
1845 1621 2180 1699 potentiam
2198 1624 2466 1698 augeret,

284 1715 600 1775 diductum
627 1717 722 1772 est
761 1712 1080 1789 imperium
1120 1712 1316 1791 magis
1357 1731 1538 1790 quam
1580 1713 1907 1772 firmatum.
1989 1713 2031 1772 J
2031 1733 2130 1772 am
2169 1713 2365 1772 indies
2392 1713 2469 1772 de

283 1804 534 1884 antique
558 1804 664 1864 illa
689 1824 926 1863 morum
953 1804 1276 1864 severitate
1295 1809 1359 1863 et
1377 1804 1672 1864 modestis.
1698 1805 1980 1876 descisci.
2029 1805 2189 1882 Opes
2206 1805 2468 1882 denique

283 1903 349 1957 et
389 1897 580 1976 spolia
617 1917 694 1957 ex
733 1896 965 1955 oriente
1005 1900 1313 1974 reportata
1351 1896 1657 1954 luxuriam
1695 1916 1901 1956 secum
1941 1902 2005 1956 et
2042 1917 2150 1975 per
2187 1903 2469 1974 sumptus

286 1988 591 2049 eminendi
629 1986 903 2047 studium
928 1987 1247 2047 invexere:
1292 1988 1457 2047 unde
1497 1988 1755 2046 avaritie.
1795 1993 1857 2047 et
1896 2009 2085 2066 prava
2124 1989 2463 2048 aemulatio:

287 2081 373 2141 ita
398 2086 471 2140 ut
499 2082 715 2140 dehinc
743 2099 990 2158 prorsus
1017 2080 1170 2139 alius
1191 2081 1400 2159 populi
1427 2100 1523 2141 res
1550 2087 1751 2159 gestas
1777 2082 1988 2142 referri
2014 2083 2240 2141 credas.

1888 2174 1949 2233 J.
1978 2175 2056 2233 Y.
2090 2174 2387 2233 Suionum.

566 2354 872 2413 XXVIII.
957 2354 1153 2433 (Lem)
1193 2353 1534 2429 MAcAuur,
1564 2355 1717 2413 Hist.
1752 2355 1817 2433 qs
1847 2354 2175 2433 Enqland.)

408 2499 522 2559 Est
549 2498 612 2556 in
640 2498 842 2557 animo
867 2516 966 2555 res
994 2496 1380 2557 Britannicas
1407 2497 1482 2555 ab
1511 2498 1759 2556 ineunte
1786 2497 1829 2556 J
1830 2497 2001 2555 acobi
2026 2496 2279 2556 minoris
2310 2496 2473 2574 prin-

283 2592 487 2669 cipatu
528 2610 717 2668 usque
762 2588 841 2648 ad
886 2588 1068 2667 hujus
1114 2590 1315 2649 saeculi
1363 2590 1713 2647 memoriam
1761 2589 2160 2648 conscribere.
2249 2593 2263 2619 ‘
2299 2589 2471 2667 Opus

291 2682 613 2764 aggredior
653 2681 923 2760 opimum
949 2680 1187 2741 casibus
1207 2706 1220 2742 ε
1238 2681 1252 2706 ’
1281 2681 1499 2740 alacris
1527 2682 1593 2739 in
1619 2681 1852 2759 regiam
1880 2683 2130 2740 domum
2156 2702 2474 2759 procerum

291 2798 362 2837 ac
391 2777 772 2836 sacerdotum
801 2774 1084 2833 voluntas
1111 2793 1332 2851 pancos
1359 2774 1527 2832 intra.
1553 2794 1787 2833 menses
1815 2775 2075 2852 peccatis
2103 2775 2470 2835 abalienata:

293 2871 586 2929 diuturna
625 2867 785 2927 inter
825 2866 1129 2944 principes
1164 2871 1227 2925 et
1253 2873 1579 2942 utrumque
1620 2871 1866 2925 senatus
1904 2868 2174 2926 ordinem
2224 2867 2475 2926 discidia

293 2963 541 3021 tandem
581 2959 902 3035 aliquando
943 2959 1020 3016 ad
1061 2980 1202 3019 eum
1241 2959 1424 3018 finem
1465 2959 1770 3037 perducta,
1807 2960 1966 3018 utin
1998 2980 2185 3017 unum
2227 2980 2473 3019 consen-

293 3054 481 3114 tirent
508 3053 717 3132 populi
732 3053 876 3129 jura
901 3058 964 3111 et
982 3051 1219 3129 imperii
1247 3052 1530 3111 tradendi
1558 3052 1838 3111 conditio.
1910 3052 2145 3110 Deinde
2166 3052 2293 3112 haec
2320 3073 2478 3113 nova

293 3144 636 3224 reipublicoe
663 3144 856 3201 forma
881 3162 988 3220 per
1014 3142 1283 3222 plurium
1308 3163 1608 3202 annorum
1631 3143 1841 3202 turbas
1868 3144 2156 3203 adversus
2184 3143 2387 3203 hostes
2414 3152 2478 3204 et

296 3238 444 3298 foris
482 3240 546 3297 et
587 3234 753 3295 domi
791 3236 946 3294 bene
993 3240 1387 3308 conservats3
1442 3239 1506 3294 et
1543 3234 1661 3294 hoc
1707 3236 1949 3294 demum
1997 3235 2263 3295 civitatis
2309 3241 2479 3297 statu

295 3330 693 3403 intellectum,
738 3347 856 3403 quo
895 3332 1076 3406 pacto
1116 3328 1323 3403 legum
1369 3327 1701 3386 auctoritas
1750 3328 2115 3404 privataeque
2158 3329 2248 3387 rei
2288 3331 2480 3390 tutela.

297 3425 544 3502 possent
568 3438 904 3497 congruere
935 3438 1074 3477 cum
1114 3418 1351 3478 summa.
1378 3423 1442 3477 et
1468 3418 1708 3478 dicendi
1739 3438 1870 3496 quae
1912 3422 2167 3497 quisque
2204 3422 2391 3481 vellet
2415 3428 2479 3481 et

296 3514 517 3595 agendi
542 3512 838 3572 libertate.
921 3512 1025 3570 Ita
1050 3511 1298 3589 optimis
1326 3511 1613 3589 auspiciis
1639 3512 1739 3571 lex
1760 3517 1939 3589 atque
1966 3514 2213 3574 libertas
2241 3515 2400 3573 inter
2416 3536 2481 3574 se

298 3609 669 3685 conjunctae:
728 3603 947 3664 dehinc
1000 3609 1172 3662 tanta
1225 3623 1431 3663 rerum
1480 3605 1868 3683 prosperitaS,
1925 3610 2149 3682 quanta
2202 3607 2268 3665 in
2314 3608 2482 3668 omni

297 3696 586 3759 memorie.
609 3696 854 3755 omnino
880 3695 1155 3753 inaudita
1181 3699 1329 3755 erat.

416 3790 511 3847 Ex
540 3788 708 3867 turpi
748 3787 1028 3849 clientela
1067 3786 1284 3848 civitas
1324 3794 1534 3849 nostra
1573 3789 1850 3867 usquein
1892 3809 2030 3849 eum
2069 3791 2269 3852 locum
2312 3794 2483 3853 brevi
