2744 4138
1197 133 1354 182 PAm
1400 133 1474 181 11.
2354 119 2431 180 31

241 303 367 347 una
394 306 533 346 eum
560 282 796 364 ingenti
822 281 1254 344 subitariorum
1279 283 1453 362 copia
1474 283 1736 361 undique
1753 305 1786 343 e
1806 303 1947 344 rure
1967 283 2080 342 sub
2100 281 2443 361 principum

242 385 434 456 atque
479 379 884 456 ingenuorum
928 377 1278 437 fidelissimo
1326 397 1568 455 quoque
1609 379 1677 435 in
1722 398 1915 435 unum
1959 382 2321 448 coactorum,
2366 381 2440 437 ut

241 471 380 549 regi
407 471 651 530 obviam
678 471 841 529 irent
865 470 1260 548 gratulantes,
1342 468 1561 544 Itaque
1579 469 1707 528 sine
1732 469 1891 529 bello
1919 468 2085 527 civili
2110 469 2443 528 discessum

245 569 383 622 est:
426 563 575 641 ipse,
603 562 745 621 exul
785 561 1082 640 egregius,
1126 561 1338 639 patriae
1377 561 1667 636 redditae,
1711 561 1893 621 avitis
1932 561 1999 619 in
2038 561 2265 620 aedibns
2304 565 2446 620 tuto„

244 656 815 734 requiescebat-*L
848 654 924 715 G.
957 655 1172 716 Smm.

1064 897 1246 960 VIII.
1335 897 1637 976 (ὅπως.)

373 1027 577 1102 Quum
617 1028 695 1087 ad
737 1029 1028 1089 secundas
1067 1034 1178 1090 aut
1215 1029 1503 1089 adversas
1542 1049 1639 1089 res
1664 1033 1905 1089 tantam
1933 1028 2055 1088 vim
2083 1027 2305 1088 habeat
2329 1013 2443 1088 reiss

247 1122 504 1199 publicoe
529 1121 810 1200 gerendoe
841 1121 1016 1194 ratio,
1046 1141 1237 1181 unum
1275 1121 1429 1178 illud
1470 1121 1584 1180 tibi
1624 1122 2053 1200 inquirendum
2094 1122 2229 1194 erit,
2260 1120 2313 1180 si
2350 1120 2447 1182 vis

247 1218 408 1276 forte
447 1217 873 1295 magistratum
913 1219 989 1277 ad
1031 1219 1326 1277 trutinam
1366 1218 1719 1295 expendere,
1764 1238 1898 1297 quae
1938 1216 2019 1277 sit
2058 1217 2265 1296 populi
2304 1237 2444 1276 con·
2502 1217 2509 1222 ’

249 1307 425 1367 ditio.
527 1306 723 1381 Quem
777 1309 828 1366 si
881 1309 1118 1386 legibus
1161 1310 1693 1386 obtemperantem,
1737 1309 1789 1367 si
1829 1309 2045 1388 opibus
2085 1313 2147 1367 et
2186 1308 2447 1386 negotiis

214 1399 575 1472 ,valentem‚
621 1399 674 1457 si
735 1399 897 1458 domi
953 1400 1321 1473 unanimem,
1380 1400 1532 1459 foris
1587 1401 1898 1473 illustrem,
1940 1400 2232 1472 inv-oniae,
2274 1400 2450 1458 facile

251 1491 504 1567 colligas
557 1492 636 1550 ab
690 1491 1034 1550 hominibus
1087 1491 1347 1568 ingenie,
1390 1492 1636 1565 virtute,
1678 1512 1793 1552 usu
1833 1493 2017 1551 etiam
2057 1497 2117 1551 et
2158 1492 2447 1551 exercita-

249 1583 422 1643 tione
471 1584 757 1662 praeditis,
813 1584 1126 1642 civitatem
1177 1585 1324 1661 regi.
1435 1583 1613 1657 Quod
1666 1585 1720 1643 si
1769 1584 2068 1662 inquietos
2120 1588 2335 1643 contra
2386 1588 2450 1642 et

249 1675 499 1734 sibimet
523 1675 671 1754 ipsis
698 1675 1037 1734 diffidentes
1063 1676 1359 1746 videmus,
1390 1680 1789 1734 mercaturam
1824 1682 1961 1753 post
1996 1675 2165 1734 brevi
2201 1680 2449 1734 tenuem

250 1772 318 1826 et
356 1769 770 1846 languentem,
796 1768 960 1827 domi
991 1767 1322 1845 imperium
1362 1786 1399 1825 a
1440 1767 1913 1827 dissensionibus
1952 1768 2272 1846 jactatum,
2299 1766 2450 1826 foris

252 1858 334 1916 ab
381 1859 658 1917 omnibus
704 1860 1088 1937 despectum:
1132 1858 1229 1917 his
1273 1878 1417 1917 sane
1464 1858 1707 1917 indiciis
1748 1859 1847 1916 usi
1893 1858 2329 1937 rempublicam
2372 1859 2451 1918 ab

251 1949 528 2023 infirmis,
548 1949 822 2028 perditis,
834 1949 1150 2010 imbecillis
1167 1949 1583 2009 administrari
1603 1950 1767 2008 haud
1788 1954 2013 2009 temere
2032 1949 2446 2028 praedicamus.

897 2180 1009 2240 IX.
1094 2142 1395 2257 (Aenon),
1426 2179 1591 2239 Rom.
1619 2178 1810 2258 Hist.)

382 2306 520 2367 Alio
560 2308 746 2367 etiam
783 2308 852 2367 in
889 2308 1022 2367 loco
1079 2309 1354 2367 Fortuna
1409 2308 1656 2386 perinde
1714 2311 1805 2369 rei
1861 2310 2147 2368 Romanae
2201 2310 2449 2388 profuit.

259 2397 660 2459 Macedonum
687 2400 892 2479 legati,
921 2406 1059 2479 post
1083 2401 1286 2460 foedus
1314 2421 1451 2459 cum
1480 2401 1821 2460 Hannibale
1848 2404 1927 2461 ad
1955 2403 2159 2462 Tifata.
2184 2411 2447 2480 pactum,

255 2492 326 2551 in
365 2492 644 2551 Bruttios
686 2493 1013 2552 incolumes
1055 2493 1298 2565 reversi,
1329 2494 1536 2551 navim
1577 2492 1643 2549 in
1686 2492 1981 2552 Groeciam
2020 2496 2449 2560 conscendunt.

255 2584 451 2642 Juxta
482 2590 688 2643 tamen
729 2583 1019 2644 Calabrioe
1057 2605 1226 2643 oram
1257 2584 1467 2654 vectis,
1498 2585 1671 2643 navis
1710 2604 1748 2643 a
1787 2586 1975 2643 classe
2003 2585 2277 2644 Romana
2318 2605 2452 2663 quae

256 2675 348 2733 ibi
374 2675 440 2733 in
467 2677 727 2737 statione
757 2681 885 2735 erat
921 2677 1199 2755 capitur:
1242 2676 1551 2754 legatique
1590 2696 1729 2735 cum
1771 2676 1964 2736 literis
2006 2677 2133 2735 suis
2172 2678 2453 2737 omnibus

259 2768 519 2827 Romam
572 2770 922 2829 mittuntur.
1007 2770 1200 2830 Navis
1253 2790 1377 2828 una
1430 2791 1505 2829 ex
1546 2770 1621 2828 iis
1665 2758 1801 2846 quae
1848 2790 1973 2828 una
2018 2770 2379 2849 navigarant
2418 2792 2454 2830 e

259 2861 542 2920 manibus
591 2862 1001 2922 Romanorum
1048 2863 1297 2940 refugit,
1341 2882 1593 2940 qu‘aeque
1647 2860 1809 2920 faeta
1862 2865 2065 2922 essent
2117 2862 2196 2921 ad
2247 2883 2454 2941 regem

260 2952 502 3013 detulit.
605 2952 726 3028 Qui
777 2975 964 3031 quum
1018 2956 1094 3013 de
1138 2955 1337 3033 priore
1384 2954 1608 3013 foedere
1649 2973 1979 3030 numquam
2032 2958 2191 3013 esset
2235 2956 2456 3015 certior

261 3044 482 3117 factus,
513 3045 876 3123 legationem
903 3048 1159 3105 alteram
1199 3047 1277 3105 ad
1316 3045 1728 3104 Hannibalem
1768 3046 1972 3107 misit:
2016 3052 2077 3106 et
2103 3066 2455 3124 quanquam

261 3137 362 3195 his
390 3137 606 3217 legatis
632 3143 694 3197 et
721 3138 1237 3217 proficiscentibus
1279 3143 1338 3197 et
1378 3139 1769 3197 redeuntibus
1797 3160 1893 3199 res
1922 3160 2203 3218 prospere
2232 3140 2455 3213 evadit,

259 3233 506 3288 tantum
534 3230 739 3289 damni
765 3250 947 3289 moroe
975 3231 1292 3309 dispendia
1329 3231 1607 3305 attulere,
1635 3236 1709 3290 ut
1735 3231 1851 3291 hoc
1876 3252 2036 3291 anno
2062 3232 2214 3292 nihil
2241 3232 2455 3292 confici

256 3322 624 3401 possea—J.
653 3323 729 3381 Y.
764 3322 1054 3383 SARGENT.

868 3564 953 3627 X.
1039 3520 1347 3646 (ARNOLD4
1380 3564 1541 3647 Pvef.
1575 3565 1858 3647 Thucyd.)

387 3694 641 3769 Verum,
670 3716 793 3755 non
831 3696 886 3755 si
925 3695 1073 3774 quid
1109 3696 1355 3757 nefandi
1381 3698 1567 3757 etiam
1593 3702 1813 3777 praeter
1840 3696 2087 3756 solitum
2114 3697 2461 3777 excogitent

270 3786 464 3848 delira
487 3787 830 3865 impiorum,
858 3788 1064 3865 quales
1089 3808 1253 3849 nunc
1278 3788 1508 3867 vigent,
1526 3787 1787 3866 ingenia,
1810 3807 1879 3847 eo
1906 3788 2185 3847 amentiae
2208 3807 2458 3866 perven-
