2744 4138
1271 157 1429 206 PAR-r
1473 159 1521 206 1.
1670 108 1675 114 .
2168 211 2171 216 ,
2408 148 2485 206 21

301 307 599 386 superbia,
629 307 940 367 incessere.
1022 308 1301 386 Namque
1317 329 1571 387 coepere,
1593 307 1879 368 nobilitas
1902 307 2279 386 dignitatem,
2302 330 2491 389 popu-

303 401 402 459 lus
428 400 784 472 libertatem,
814 401 874 458 in
905 401 1236 462 lubidinem
1252 409 1523 462 vertere:
1552 403 1672 462 sibi
1698 402 1951 480 quisque
1975 402 2213 476 ducere,
2232 402 2487 473 trahere,

303 513 531 571 rapere.
613 493 716 552 Ita
753 494 957 552 omnia
999 494 1068 552 iu
1114 495 1267 553 duas
1312 500 1515 572 partes
1558 496 1863 554 abstracta
1911 498 2093 566 sunt3
2132 496 2489 572 respublica,

303 605 444 662 quae
481 585 683 643 media
719 589 867 658 erat,
910 585 1254 645 dilacerata.
1341 586 1627 646 Ceterum
1673 585 1957 645 nobilitas
1998 585 2260 647 factione
2296 587 2493 664 magis

304 676 607 752 pollebat3
647 677 840 754 plebis
869 678 979 750 viS,
1008 679 1210 737 soluta
1234 682 1419 754 atque
1456 677 1727 755 dispersa
1761 677 1827 734 in
1853 677 2261 750 multitudine,
2290 679 2492 736 minus

303 773 582 846 poterat:
645 789 974 846 paucorum
1027 769 1278 829 arbitrio
1332 769 1474 828 belli
1526 769 1810 846 domique
1871 770 2251 848 agitabatur:
2310 791 2496 848 penes

301 863 548 922 eosdem
597 864 894 937 aerarium,
947 864 1291 940 provinciae,
1357 863 1771 942 magistratus,
1827 864 2033 941 gloriae
2084 865 2497 943 triumphique

301 963 517 1014 erant:
560 956 822 1032 populus
850 954 1067 1014 militia
1105 963 1290 1032 atque
1329 954 1533 1033 inopia
1571 956 1935 1031 urgebatur:
1979 957 2215 1034 proedas
2254 957 2497 1016 bellicas

302 1048 698 1125 imperatores
736 1066 874 1105 cum
901 1047 1110 1125 paucis
1137 1047 1887 1126 diripiebant.—SALLU8‘1¹,
1917 1048 2050 1126 Juq.
2079 1048 2178 1107 41.

1253 1201 1531 1261 XXXII.

423 1317 572 1392 Quae
597 1338 695 1378 res
721 1317 873 1376 mihi
900 1339 1022 1376 non
1059 1319 1424 1378 mediocrem
1461 1318 1935 1378 consolationem
1961 1319 2189 1391 attulit,
2219 1320 2355 1378 volo
2382 1318 2495 1377 tibi

273 1430 790 1482 ,commemorarQ
840 1411 894 1470 si
932 1411 1093 1471 forte
1131 1413 1342 1470 eadem
1384 1431 1479 1470 res
1518 1412 1633 1470 tibi
1670 1412 1942 1470 minuere
1982 1411 2249 1470 dolorem
2288 1411 2497 1490 possit.

304 1503 402 1561 Ex
441 1501 591 1562 Asia
641 1503 899 1574 rediens,
954 1525 1096 1564 cum
1147 1504 1226 1562 ab
1263 1503 1492 1582 AEgina
1528 1503 1841 1580 Megaram
1880 1524 2093 1563 versus
2129 1503 2496 1582 navigarem,

303 1595 465 1672 coepi
489 1595 766 1672 regiones
795 1595 1184 1655 circumcirca
1199 1596 1560 1674 prospicere.
1643 1594 1792 1653 Post
1806 1614 1903 1652 me
1918 1599 2050 1652 erat
2076 1595 2323 1672 AEgina,
2355 1601 2497 1653 ante

305 1687 573 1764 Megara,
603 1685 820 1745 dextra
845 1687 1091 1760 Piraeus,
1137 1686 1382 1746 sinistra
1423 1686 1753 1746 Corinthus
1770 1711 1787 1745 ε
1830 1705 1963 1762 quae
1990 1687 2212 1763 oppida.
2239 1687 2501 1763 quodam

305 1785 580 1856 tempore
631 1779 1058 1838 florentissima
1110 1781 1377 1851 fuerunt,
1418 1798 1583 1836 nunc
1634 1783 1941 1855 prostrata
1978 1784 2040 1836 et
2092 1778 2299 1836 diruta
2352 1784 2495 1837 ante

305 1873 511 1930 oculos
541 1873 770 1949 jacent.
853 1869 1026 1948 Coepi
1065 1876 1306 1949 egomet
1343 1890 1581 1929 mecum
1622 1871 1709 1928 sic
1749 1867 2054 1947 cogitare:
2104 1873 2119 1900 ‘
2143 1863 2342 1928 Hem!
2387 1890 2501 1929 nos

306 1963 657 2023 homunculi
683 1963 1092 2040 indignamur,
1137 1963 1189 2021 si
1225 1962 1362 2038 quis
1402 1961 1682 2020 nostrum
1719 1961 1952 2019 interiit
1986 1967 2093 2020 aut
2123 1962 2359 2022 occisus
2388 1968 2499 2034 est,

307 2075 565 2134 quorum
603 2055 735 2115 vita
773 2055 1016 2115 brevior
1049 2074 1179 2114 esse
1210 2053 1407 2126 debet,
1452 2074 1596 2113 cum
1634 2074 1755 2113 uno
1781 2052 1915 2112 loco
1941 2057 2035 2113 tot
2074 2055 2364 2133 oppidflm
2404 2074 2499 2113 ca-

307 2148 533 2207 davera
583 2149 857 2227 projecta
893 2149 1136 2227 jaceant
1157 2147 1188 2207 Ρ
1269 2148 1466 2221 Visne
1505 2154 1579 2207 tu
1617 2151 1680 2205 te
1719 2146 2017 2221 cohibere,
2058 2152 2122 2207 et
2160 2148 2504 2207 meminisse

305 2241 615 2299 hominem
667 2245 730 2299 te
782 2260 911 2301 esse
961 2245 1174 2298 natum
1196 2240 1224 2299 Ρ
1246 2239 1262 2265 ’
1349 2239 1544 2300 Crede
1596 2240 1780 2299 mihi:
1846 2242 2212 2319 cogitatione
2258 2240 2330 2299 ea
2381 2260 2503 2298 non

307 2329 692 2391 mediocriter
719 2352 856 2390 sum
879 2330 1290 2392 confirmatus.
1374 2332 1512 2391 Hoc
1537 2332 1715 2403 idem,
1747 2332 1800 2390 si
1819 2333 1933 2390 tibi
1952 2332 2208 2406 videtur,
2238 2332 2335 2391 fac
2362 2339 2505 2390 ante
2579 2350 2585 2356 ·

309 2425 518 2484 oculos
560 2424 675 2483 tibi
725 2444 1048 2504 proponas.
1130 2424 1316 2483 Modo
1368 2445 1492 2483 uno
1545 2430 1816 2503 tempore
1868 2429 1963 2483 tot
2017 2425 2136 2483 viri
2187 2424 2506 2484 clarissimi

310 2517 672 2576 interierunt
697 2542 714 2576 ε
779 2518 858 2575 de
911 2517 1165 2594 imperio
1219 2521 1507 2594 praeterea
1556 2522 1730 2575 tanta
1780 2517 2111 2576 deminutio
2164 2518 2323 2577 facta
2374 2522 2503 2577 est:

309 2629 524 2669 omnes
571 2610 898 2689 provin‘cioe
938 2616 1351 2687 conquassatae
1392 2615 1576 2669 sunt:
1630 2610 1699 2667 in
1743 2610 1924 2667 unius
1970 2610 2339 2669 mulierculae
2376 2609 2505 2668 ani-

313 2698 478 2759 mula
503 2701 557 2759 si
595 2702 832 2779 jactura
869 2701 1036 2759 facta
1073 2706 1184 2773 est,
1219 2705 1391 2759 tanto
1426 2720 1606 2779 opere
1640 2700 2033 2759 commoveris
2056 2700 2085 2760 P
2129 2721 2262 2777 quoe
2304 2702 2356 2761 si
2392 2702 2507 2761 hoc

313 2800 584 2871 tempore
634 2813 759 2852 non
811 2793 974 2852 diem
1015 2812 1196 2852 suum
1236 2794 1481 2867 obisset,
1524 2793 1731 2870 paucis
1770 2798 1911 2870 post
1964 2794 2141 2853 anni-s
2196 2804 2398 2853 tamen
2448 2796 2506 2854 ei

314 2885 695 2945 moriendum
719 2886 876 2959 fuit3
917 2886 1205 2963 quoniam
1231 2886 1413 2945 homo
1439 2892 1586 2945 nata
1611 2886 1831 2945 fuerat.
1912 2885 2013 2944 Ab
2038 2887 2201 2946 hisce
2228 2892 2299 2945 tu
2324 2889 2505 2947 rebus

313 2980 587 3037 animum
611 2998 684 3037 ac
700 2978 1132 3055 cogitationem
1154 2983 1323 3037 tuam
1339 2997 1527 3038 avoca
1548 3001 1563 3050 3
1593 2982 1775 3055 atque
1801 2996 1872 3035 ea
1888 2978 2091 3055 potius
2106 2980 2505 3053 reminiscere,

313 3090 451 3149 quoe
492 3071 680 3149 digna
722 3069 832 3129 ma
872 3068 1127 3147 persona
1169 3074 1314 3127 sunt
1331 3093 1348 3127 2
1407 3068 1592 3140 illam,
1649 3069 1939 3146 quamdiu
1990 3070 2047 3129 ei
2102 3090 2253 3149 opus
2306 3072 2508 3145 fuerit,

316 3163 577 3235 vixisse3
617 3161 741 3221 una
767 3182 906 3221 cum
940 3160 1248 3239 republica
1285 3160 1512 3234 fuisse3
1552 3166 1632 3234 te,
1660 3165 1901 3238 patrem
1928 3180 2127 3235 suum,
2169 3168 2505 3241 praetorem,
2590 3214 2596 3221 .

315 3256 643 3326 consulem,
698 3274 992 3331 augurem
1039 3252 1297 3326 vidisse3
1363 3254 1844 3313 adolescentibus
1898 3254 2200 3333 primariis
2251 3261 2512 3333 nuptam

317 3346 543 3420 fuisse;
573 3347 854 3406 omnibus
881 3346 1054 3405 bonis
1080 3346 1462 3423 perfunctam
1488 3365 1652 3419 esse3
1680 3366 1821 3406 cum
1837 3346 2179 3425 respublica
2192 3349 2514 3421 occideret,

213 3475 217 3479 ·
317 3438 448 3499 vita
473 3437 1030 3501 excessissc.-—Gtc.
1057 3438 1138 3496 ad
1164 3438 1387 3498 Divers.
1418 3454 1497 3497 IV.
1528 3438 1583 3497 5.

1259 3591 1575 3651 XXXIII.
1665 3562 1678 3575 ”

442 3720 702 3781 Interim
730 3721 954 3781 certior
981 3720 1178 3781 factus
1220 3720 1476 3780 Publius
1517 3719 1705 3794 Sulla,
1744 3740 1926 3798 quem
1966 3722 2279 3782 discedens
2304 3724 2521 3783 castris

321 3814 677 3895 praefecerat
721 3813 942 3889 Caesar,
979 3812 1210 3874 auxilio
1235 3813 1473 3874 cohorti
1498 3812 1668 3873 venit
1694 3833 1836 3873 cum
1869 3813 2208 3893 legionibus
2244 3816 2518 3877 duabus:
