2744 4138
224 172 306 236 62
837 185 964 231 nr
1008 185 1084 230 ‘ro
1127 183 1252 232 'mu
1296 183 1483 231 urm
1527 184 1806 231 mmm.

219 337 595 398 reducendos
626 335 949 412 negassent
984 334 1174 393 donec
1201 333 1571 395 constitisset
1604 353 1703 393 res
1738 331 2001 410 alioquin
2038 332 2117 392 ad
2144 333 2415 395 militum

219 430 526 490 licentiam
561 428 922 489 translatum
954 427 1049 486 iri.
1132 426 1292 485 Istos
1333 426 1587 485 fortasse
1627 427 1705 485 ob
1743 446 1941 503 nuper
1980 426 2198 487 merita
2235 427 2414 487 venia

223 522 456 598 dignos,
483 537 858 598 nequaquam
893 523 1099 575 autem
1125 517 1341 575 debere
1376 516 1607 575 censeri
1635 535 1773 574 cum
1799 516 1875 574 iis
1903 515 2008 593 qui
2033 515 2193 593 regis
2219 518 2413 577 venioe

220 634 528 690 nunquam
548 612 872 689 eguissent,
897 608 1157 686 gratiam
1173 629 1481 684 nunquam
1500 627 1622 666 non
1640 607 2015 668 meruissent.
2063 607 2419 686 AEquumne

222 725 352 765 esse
405 703 736 784 praesertim
775 701 1069 770 fortunae,
1125 721 1275 778 quas
1329 721 1405 759 ex
1457 700 1708 776 perditis
1748 701 2053 780 regiorum
2094 701 2267 761 bonis
2307 701 2411 760 isti

223 797 601 868 conflassent,
640 794 972 853 incolumes
1011 793 1238 852 servari
1261 791 1291 850 Ρ
1378 790 1541 852 Satis
1567 792 1837 868 profecto
1874 792 2075 868 capita
2113 798 2178 852 et
2216 793 2405 870 patri-

223 889 442 962 monia,
498 906 688 967 poenae
739 885 922 945 toties
973 883 1192 958 debita,
1249 885 1417 944 salva
1469 885 1759 963 praestari,
1804 885 1968 962 ipsos
2018 905 2157 944 cum
2210 890 2409 944 cetero

224 982 447 1061 populo
475 982 589 1040 sub
614 978 866 1056 imperio
908 977 1376 1037 clementissimo
1415 976 1514 1035 cui
1554 980 1681 1035 tam
1720 977 1839 1050 diu,
1865 978 2169 1037 adversati
2207 983 2410 1037 essent

223 1074 471 1153 impune
509 1072 746 1135 vivere:
790 1069 956 1128 nullo
994 1070 1173 1128 modo
1213 1089 1364 1146 opus
1404 1088 1535 1127 esse
1574 1074 1646 1127 ut
1682 1070 2106 1148 perduellionis
2144 1071 2409 1148 pretium

224 1165 582 1244 acciperent,
626 1162 876 1240 direptis
915 1181 1120 1220 eorum
1159 1161 1352 1231 boniS,
1395 1180 1651 1235 quorum
1690 1183 1881 1222 unum
1922 1161 2149 1220 crimen
2187 1163 2410 1222 fuisset

223 1258 356 1336 regi
396 1256 653 1316 fideliter
698 1254 1009 1315 obediisse.
1094 1254 1357 1332 Regisne
1412 1252 1703 1314 interesse
1753 1260 1825 1315 ut
1876 1254 2147 1333 spoliatis
2198 1254 2409 1314 amicis

225 1348 505 1410 inimicos
545 1345 820 1406 ditaret?
902 1345 1173 1424 Ecquam
1217 1347 1394 1407 fidem
1435 1348 1775 1406 habendam
1802 1367 1933 1407 esse
1963 1347 2098 1407 istis
2139 1347 2245 1424 qui
2280 1347 2410 1422 regi

224 1439 680 1520 repugnassent,
703 1438 929 1496 bellum
944 1438 1310 1511 intulissent,
1335 1456 1549 1499 manus
1567 1439 1931 1517 injecissent,
1951 1440 2057 1517 qui
2077 1439 2413 1499 etiamnum

226 1532 544 1593 commissa
570 1531 976 1603 defenderent,
1005 1536 1409 1610 putarentque
1428 1553 1492 1592 se
1512 1533 1825 1610 egregium
1841 1532 2195 1591 obedientioe
2220 1533 2407 1609 speci-

227 1645 369 1684 men
415 1624 650 1683 dedisse
696 1622 855 1699 quod
900 1623 1145 1681 tandem
1199 1644 1404 1703 regem
1458 1625 1728 1683 occidere
1782 1621 2165 1684 noluissent?
2251 1624 2411 1684 Sane

226 1737 423 1796 nuper
455 1716 700 1795 regibus
736 1715 1090 1774 reducendis
1129 1735 1370 1794 operam
1412 1717 1662 1788 dedisse,
1705 1721 1855 1792 quos
1894 1721 2099 1776 tamen
2133 1723 2195 1776 et
2232 1723 2414 1776 antea

226 1810 582 1888 exegissent,
611 1815 674 1868 et
699 1809 858 1880 olim,
889 1807 940 1864 si
965 1827 1063 1866 res
1088 1808 1174 1866 ita
1201 1807 1455 1882 tulisset,
1486 1809 1757 1868 exacturi
1782 1814 1997 1868 essent.

1763 1902 1928 1961 Joun
1970 1901 2333 1962 Conmoron.

993 2027 1202 2089 XXV.
1289 2027 1631 2107 (Hotnmae.)

349 2158 450 2219 Ita
474 2158 919 2237 trepidantibus
945 2158 1216 2217 omnium
1256 2159 1473 2217 animis
1503 2159 1755 2219 Flaccus
1782 2160 1846 2218 in
1883 2162 2154 2226 medium
2191 2160 2409 2238 prodit.

228 2251 426 2310 Vultu
466 2249 650 2309 alacri
689 2255 751 2308 et
793 2249 1002 2307 fidenti
1041 2250 1356 2326 primarios
1396 2251 1695 2311 allocutus
1734 2252 1893 2311 viros
1933 2254 2110 2313 docet
2138 2272 2260 2311 uon
2278 2253 2411 2331 jam
2514 2286 2519 2293 -

228 2343 512 2421 epulandi
540 2342 751 2401 caussa
781 2346 1070 2419 tanquam
1098 2342 1384 2401 convivas
1411 2342 1708 2413 advocari,
1740 2345 1845 2403 sed
1886 2348 2175 2422 tanquam
2217 2344 2412 2402 socios

228 2435 509 2515 patrandi
537 2434 817 2494 facinoris
845 2433 1008 2511 quod
1034 2433 1379 2493 libertatem
1398 2435 1734 2512 famamque
1761 2437 2187 2513 sempiternam
2214 2436 2410 2496 vindi-

229 2533 506 2597 caturum
535 2528 634 2587 sit.
720 2525 913 2585 Simul
953 2526 1411 2586 commonefacit
1448 2546 1549 2587 eos
1589 2528 1665 2586 de
1704 2528 1889 2587 nimia
1929 2528 2127 2588 Dorioe
2165 2529 2413 2606 majoris

227 2620 515 2699 potentia,
545 2620 710 2678 haud
737 2619 967 2677 diutius
994 2617 1320 2690 toleranda,
1356 2639 1540 2696 quam
1555 2620 1730 2680 novis
1759 2626 2001 2681 auctam
2018 2620 2248 2679 viribus
2268 2620 2412 2679 hinc

229 2712 480 2771 ambitio
534 2712 788 2789 nepotis,
841 2709 984 2768 hinc
1027 2708 1280 2769 Coesaris
1318 2710 1493 2769 favor
1531 2731 1677 2791 erga
1716 2718 1961 2790 gentem
1999 2712 2189 2789 ipsius
2231 2732 2413 2789 quam

229 2806 440 2882 patrioe
485 2804 880 2863 amantiorem
928 2807 1221 2880 perpetuo
1269 2802 1569 2861 sancitum
1604 2806 1741 2881 jure
1787 2811 2151 2882 properaret.
2231 2805 2413 2863 Hanc

230 2896 699 2955 dominationem
737 2894 1048 2963 nefariam,
1091 2894 1306 2972 inquit,
1349 2915 1513 2953 nunc
1540 2902 1824 2969 evertere,
1857 2918 2021 2957 nunc
2060 2898 2197 2956 urbi
2238 2898 2411 2956 liber·

227 2993 416 3048 tatem
482 2987 832 3045 confirmare
898 2986 1168 3063 potestiS.
1277 2986 1521 3045 Adsunt
1587 2993 1895 3047 consortes
1959 2988 2238 3066 plurimi:
2311 2992 2413 3067 qui

227 3078 700 3157 patrocinentur,
757 3078 810 3135 si
848 3096 999 3153 opus
1041 3078 1242 3150 fuerit,
1286 3098 1411 3136 non
1458 3080 1770 3139 defuturos
1824 3100 1951 3139 esse
2004 3082 2255 3140 confido.
2338 3083 2414 3141 Id

229 3169 389 3246 quod
429 3167 688 3226 maxime
731 3168 1034 3226 ominatus
1075 3186 1228 3240 sum,
1270 3168 1377 3226 isti
1416 3175 1541 3227 tam
1582 3190 1786 3229 secure
1826 3176 2034 3248 agunt,
2078 3192 2259 3249 quam
2298 3192 2413 3251 ego

227 3261 618 3339 providenter
648 3259 763 3337 egi.
847 3258 1093 3317 Scilicet
1130 3261 1449 3337 populares
1482 3281 1621 3320 suos
1653 3262 1801 3321 adeo
1837 3263 2145 3340 despectui
2188 3264 2413 3323 habent

228 3362 301 3413 ut
336 3352 738 3431 suspicionem
774 3372 1012 3411 omnem
1049 3366 1393 3430 metumque
1433 3353 1838 3431 deposuerint,
1879 3357 1982 3433 qui
2009 3355 2193 3434 vulgo
2220 3358 2412 3435 culpae

229 3449 516 3520 conscios,
559 3451 631 3503 ut
669 3446 746 3503 ad
787 3444 1266 3521 prospiciendam
1307 3465 1543 3522 poenam
1586 3466 1770 3517 acres,
1811 3448 1901 3506 ita
1940 3449 2216 3507 sollertes
2262 3470 2409 3527 prae-

229 3539 484 3598 cavendi
549 3537 834 3597 efficiunt.
916 3535 1096 3593 Nunc
1162 3555 1305 3594 vero
1371 3542 1513 3595 ante
1567 3537 1839 3609 gladium
1905 3540 2169 3598 sentient
2230 3561 2413 3617 quam

229 3630 504 3689 cominus
541 3648 671 3687 rem
709 3626 811 3706 agi
850 3627 1246 3703 suspicantur.
1331 3627 1592 3687 Proinde
1655 3630 2041 3707 accingamur
2102 3634 2283 3708 operi,
2340 3639 2414 3690 ut

231 3722 412 3782 semel
438 3723 536 3799 pie
562 3720 794 3780 connisi
819 3719 1075 3798 patriam
1103 3724 1370 3779 nostram
1396 3721 1463 3778 in
1490 3720 1831 3781 libertatem
1859 3723 2251 3782 vindicemus.

1849 3814 1907 3872 J.
1938 3814 2011 3871 Y.
2045 3814 2331 3873 Smer-mr.
