2744 4138
315 179 399 239 38
930 193 1058 241 xm
1103 195 1178 240 'ro
1225 195 1346 240 Tun
1392 195 1576 241 LArm
1622 197 1899 242 MANUAL.

312 343 574 402 termino
630 343 958 403 coercebat.
1070 343 1304 417 Quibus
1358 344 1567 420 itaque
1634 345 1798 402 intra
1851 345 2012 404 diem
2065 346 2375 424 reliquum
2439 367 2532 408 ωε

313 436 578 496 alienum
605 437 959 497 solvendum
986 441 1158 510 esset,
1188 437 1266 496 ad
1286 457 1599 497 versuram
1626 439 2069 498 decurrendum
2094 446 2260 500 erat:
2289 442 2535 501 fenoris

314 535 516 589 autem
545 530 698 591 ratio
725 551 760 589 e
785 529 1181 590 creditoribus
1206 530 1711 607 pendebat—W.

1016 737 1157 798 XX.
1245 737 1520 817 (Snmm
1564 735 1815 814 Simu.)

433 889 661 967 Ecquis
701 893 795 948 est
834 889 1165 964 Hibernas,
1216 893 1322 970 qui
1376 913 1502 950 non
1555 892 1673 950 sibi
1720 892 2049 970 gloriosum
2098 894 2301 967 ducat,
2344 896 2523 973 quod

317 979 604 1040 Grattani
650 981 897 1057 aequalis
937 982 1174 1044 fuerit?
1283 983 1512 1059 Ecquis
1551 988 1661 1054 est,
1708 982 1807 1041 cui
1861 1005 1983 1043 non
2035 984 2371 1044 identidem
2415 989 2525 1046 vel

312 1073 536 1131 amicos
561 1074 774 1150 patrioe
800 1074 1018 1134 infidos
1045 1075 1144 1133 vel
1172 1076 1523 1135 manifestos
1550 1074 1753 1135 hostes
1782 1084 2099 1137 aversatus
2126 1079 2202 1136 ab
2229 1079 2346 1139 boc
2388 1100 2523 1139 uno

313 1165 598 1223 solatium
640 1166 975 1243 petiverit?
1059 1167 1287 1244 Ecquis
1335 1173 1447 1240 est,
1490 1168 1591 1226 cui
1621 1189 1745 1227 non
1786 1167 1969 1247 hujus
2011 1170 2129 1227 viri
2169 1171 2408 1230 venerit
2452 1173 2523 1232 in

311 1262 598 1328 mentem,
641 1277 832 1334 quum
871 1260 1362 1337 populationibus
1406 1261 1719 1334 Hibernia,
1762 1282 1952 1338 quum
1992 1262 2275 1336 caedibuS,
2317 1284 2519 1340 quum

310 1350 622 1426 incendiiS‚
677 1357 1022 1410 vastaretur
1048 1351 1078 1411 i>
1186 1353 1432 1412 Etenim
1484 1352 1586 1412 hic
1638 1374 1797 1412 unus
1852 1375 2047 1432 neque
2092 1355 2518 1432 potentiorum

308 1441 490 1518 minis
558 1461 824 1519 unquam
892 1445 1124 1516 terreri,
1185 1464 1297 1504 nec
1365 1445 1723 1522 largitorum
1792 1448 2141 1505 muneribus
2202 1449 2520 1526 corrumpi

310 1533 543 1610 potuit:
614 1533 975 1594 Hiberniam
1042 1537 1239 1595 solum
1305 1538 1633 1616 cogitavit3
1704 1539 2017 1598 HibernIae
2083 1539 2263 1598 causa
2313 1540 2514 1614 vixit3

310 1624 622 1685 Hibernioe
637 1627 1047 1687 inventionem
1067 1628 1555 1706 pulcherrimam,
1571 1631 1723 1689 sales
1746 1631 2161 1705 facetissimos,
2174 1633 2513 1692 masculam

307 1719 620 1793 virtutem,
669 1721 1219 1798 splendidissimam
1286 1722 1547 1799 denique
1600 1723 2007 1800 eloquentiam
2060 1745 2244 1802 quam
2296 1744 2512 1784 omnes

309 1812 588 1872 admirati
631 1818 790 1884 sunt,
820 1814 1139 1872 dedicavit.
1225 1813 1473 1874 Scilicet
1510 1835 1581 1874 eo
1617 1817 1748 1874 loco
1788 1821 1971 1874 natus
2012 1824 2121 1888 est,
2152 1837 2222 1875 eo
2255 1817 2506 1894 ingenio

307 1905 616 1981 praeditus,
664 1910 736 1984 ut
789 1926 1086 1964 summam
1133 1927 1346 1983 poesos
1394 1907 1654 1980 laudem,
1703 1913 1777 1966 ut
1829 1909 2062 1986 peritiae
2109 1908 2383 1982 forensiS,
2431 1914 2507 1967 ut

305 1993 640 2068 literarum,
671 2003 740 2054 ut
767 1999 1039 2056 omnium
1068 1998 1324 2077 denique
1351 1999 1576 2057 artium
1606 2019 1741 2077 quae
1768 2000 2017 2056 maximi
2044 2000 2207 2078 apud
2234 2002 2507 2061 homines

312 2088 632 2161 habentur,
688 2095 894 2166 posset
946 2110 1202 2168 sperare.
1314 2092 1487 2151 Nihil
1541 2097 1747 2151 tamen
1799 2094 2306 2169 magnificentiuS,
2349 2094 2505 2152 nihil

311 2182 554 2240 homine
581 2182 826 2260 dignius
856 2184 1176 2260 judicavit,
1206 2205 1388 2262 quam
1416 2190 1489 2243 ut
1514 2186 1649 2244 aliis
1678 2186 2021 2245 hominibus
2048 2187 2406 2245 felicitatem
2429 2208 2505 2247 ac

312 2274 654 2333 libertatem
699 2274 1054 2335 vindicaret.
1157 2276 1375 2354 Itaque
1426 2278 1490 2334 in
1546 2277 1661 2337 hoc
1716 2277 2003 2335 instituto
2058 2279 2504 2356 quinquaginta

313 2351 503 2425 annos
548 2367 635 2425 ita
671 2367 1098 2445 perseveravit,
1141 2374 1214 2427 ut
1253 2389 1567 2446 nunquam
1610 2370 1815 2429 oculos
1855 2370 1975 2428 alio
2014 2371 2303 2444 flecteret,
2345 2392 2500 2430 nun-

311 2478 497 2535 quam
538 2458 612 2516 de
653 2461 902 2536 receptu
940 2457 1253 2535 cogitaret,
1285 2460 1524 2516 nullum
1564 2480 1832 2537 unquam
1872 2461 2189 2519 consilium
2229 2462 2296 2519 in
2324 2463 2502 2521 corde

310 2548 480 2608 intus
526 2550 776 2622 foveret,
824 2550 984 2626 quod
1016 2569 1140 2607 non
1172 2550 1472 2627 potuisset
1512 2549 1769 2609 libenter
1807 2556 1935 2609 tum
1981 2552 2099 2609 Dei
2137 2554 2328 2611 oculis
2367 2559 2500 2611 tum

310 2641 624 2699 hominum
652 2642 961 2719 subjicere.
1045 2640 1288 2700 Occidit
1315 2642 1435 2699 heu
1464 2642 1645 2700 citius
1668 2642 1680 2701 Ξ
1750 2642 1945 2721 Atqui
1972 2664 2051 2702 ne
2077 2664 2237 2702 unus
2258 2645 2500 2721 quidem

311 2732 440 2791 dies
467 2733 534 2791 in
560 2734 690 2793 vita
713 2733 818 2793 illa
843 2733 1096 2792 honesta
1124 2733 1526 2792 demonstrari
1554 2739 1772 2811 potest,
1804 2735 1877 2793 de
1905 2755 2024 2813 quo
2065 2756 2187 2794 non
2236 2736 2501 2813 optimus

313 2825 567 2903 quisque
595 2827 1006 2885 Hibernorum
1032 2828 1230 2904 magis
1257 2825 1638 2903 gloriaretur,
1671 2847 1849 2904 quam
1879 2830 1953 2886 de
1981 2829 2147 2886 omni
2171 2830 2302 2889 vita
2342 2830 2499 2907 quod

309 2918 388 2975 ad
419 2918 848 2994 rempublicam
892 2919 1130 2989 attinet,
1161 2924 1519 2989 ceterorum,
1565 2919 1670 2996 qui
1711 2920 2167 2997 transfugarum
2194 2928 2395 2998 partes
2431 2927 2491 2981 et

308 3009 686 3085 proditorum
712 3010 924 3088 patriae
949 3010 1016 3068 in
1041 3010 1314 3088 singulos
1339 3029 1533 3068 annos
1556 3012 2164 3088 repraesentant—E.
2196 3013 2457 3074 PALMER.

811 3226 990 3285 XXI.
1079 3228 1421 3303 (Darnun’s
1448 3230 1637 3306 Essay
1666 3249 1740 3287 on
1768 3228 2014 3307 Satira.)

432 3380 474 3439 J
475 3381 770 3455 uvenalis,
799 3386 980 3460 poeta
1004 3382 1314 3459 vegetiore
1341 3387 1405 3442 et
1436 3384 1614 3461 plane
1640 3384 1801 3442 virili
1840 3386 2106 3464 ingeniO,
2135 3391 2379 3447 tantum
2403 3409 2493 3451 me

312 3475 574 3533 delectat
611 3480 908 3552 quantum
947 3480 1182 3533 naturae
1224 3496 1375 3534 meae
1422 3478 1738 3537 convenit:
1782 3497 1919 3554 spes
1964 3479 2039 3537 de
2082 3499 2147 3539 se
2181 3486 2493 3559 conceptas

311 3570 475 3625 ratas
516 3566 662 3625 facit
686 3592 700 3626 ι
757 3586 884 3623 rem
938 3566 1313 3642 propositam
1365 3566 1444 3624 ad
1498 3568 1708 3626 vivum
1762 3575 1993 3627 resecat
2017 3594 2031 3627 z
2102 3570 2232 3648 ipse
2297 3574 2494 3649 paullo

311 3658 760 3730 stomachosior,
782 3658 930 3717 mihi
961 3676 1198 3734 quoque
1227 3659 1607 3718 stomachum
1627 3667 1853 3719 movet:
1884 3662 2037 3720 nihil
2062 3682 2099 3720 a
2116 3682 2211 3721 me
2238 3664 2493 3725 alienum

311 3747 497 3808 dicit:
526 3749 810 3810 lectorem
837 3769 1042 3809 secum
1070 3750 1331 3823 abducit,
1362 3750 1451 3808 ita
1476 3756 1677 3809 tamen
1706 3758 1777 3809 ut
1803 3752 1975 3811 finito
2001 3753 2217 3813 itinere
2243 3755 2493 3816 libenter

263 3840 272 3850 “
311 3840 678 3903 substiteris.
761 3840 882 3917 Qui
921 3841 973 3901 si
1013 3840 1271 3901 ulterius
1297 3841 1777 3920 progrederetur,
1806 3842 2029 3903 nimius
2058 3849 2248 3905 esset:
2290 3846 2408 3906 iter
2429 3847 2490 3907 in
