2744 4138
269 141 353 201 58
881 157 1008 203 nr
1053 157 1129 202 ‘ro
1174 157 1297 202 m
1340 156 1527 202 nrm
1573 157 1852 202 MANUAL.

270 303 563 376 haberet3
606 309 811 364 tamen
838 306 987 364 alias
1026 306 1274 365 elatiore
1312 325 1579 380 unquam
1607 325 1702 363 me
1729 303 1932 364 animo
1957 305 2018 363 in
2048 305 2176 364 hoec
2203 306 2460 366 comitia

258 396 559 476 prodiisse
599 417 843 474 prorsus
882 418 1061 476 nego.
1142 397 1380 474 Nempe
1403 397 1469 454 id
1509 397 1659 455 viris
1699 397 1922 474 agendi
1961 402 2204 474 tempus
2240 399 2464 458 adesse

263 489 481 548 visum.
565 487 760 546 Erant
784 489 1013 547 inimici
1038 488 1418 560 validissimi,
1431 491 1605 546 era-nt
1631 489 1836 546 fideles
1862 495 1925 547 et
1944 489 2220 548 acerrimi
2239 490 2456 550 amici:

264 586 397 640 erat
442 601 669 640 caussae
715 581 911 639 decor.
996 580 1267 639 Maxima
1314 585 1450 638 tum
1497 581 1671 638 nobis
1721 600 1928 658 pugna
1971 581 2406 641 committenda
2435 607 2454 642 ε

264 673 373 732 sed
397 693 521 731 non
547 672 760 732 iisdem
788 672 1042 732 deerant
1081 673 1399 750 pugnandi
1439 671 1794 731 facultates:
1837 692 2049 750 neque,
2079 674 2238 730 sicut
2262 694 2451 748 nunc,

164 752 169 760 ’
262 766 541 824 manibus
579 765 869 824 revinctis
910 764 1147 842 agenda
1185 784 1282 822 res
1322 770 1472 823 erat.
1554 765 1638 822 Et
1677 766 2088 844 pugnavimus
2126 765 2232 824 illo
2258 767 2355 825 die
2383 772 2454 826 et

260 857 536 920 vicimus.
617 857 758 915 Non
787 857 916 915 sine
942 857 1106 915 tristi
1133 857 1396 934 quadam
1438 856 1851 927 delectatione,
1883 856 2113 928 Patres,
2142 858 2446 930 recordor,

168 967 175 979 ⁸
261 955 489 1027 quanto
517 955 650 1008 tum
675 949 739 1006 in
767 948 1119 1008 discrimine
1148 953 1506 1020 versaretur,
1525 949 1632 1026 qui
1658 955 1872 1006 auctor
1897 948 2245 1027 fiebatlegis
2271 951 2450 1009 abro-

260 1043 477 1118 gandae
504 1043 599 1101 vir
625 1043 889 1120 optimus
917 1046 980 1100 et
1016 1043 1513 1120 spectatissimum,
1545 1062 1734 1118 quum
1776 1046 1950 1102 tanta
1987 1042 2302 1100 hominum
2327 1044 2446 1115 vi8‚

258 1138 393 1192 tota
431 1133 690 1211 denique
729 1154 827 1193 res
864 1134 1239 1207 mercatoria,
1268 1134 1335 1192 in
1362 1154 1564 1194 aream
1605 1135 1788 1193 istam
1829 1134 2118 1208 conferta,
2143 1155 2338 1212 usque
2362 1135 2448 1196 ad

258 1226 593 1285 brumalem
633 1227 883 1285 alterius
925 1226 1077 1286 lucis
1104 1232 1309 1286 ortum
1351 1248 1457 1304 spe
1495 1233 1563 1286 et
1598 1233 1843 1305 pectore
1881 1227 2122 1305 trepidi,
2165 1228 2446 1288 fortunas

258 1339 401 1377 suas
427 1324 630 1380 vestra
658 1319 945 1397 suffragia
970 1326 1284 1398 expectare
1306 1320 1702 1381 sustinebant.
1786 1321 2118 1398 Postquam
2145 1324 2348 1379 autem
2366 1340 2444 1378 ex

255 1409 476 1469 horum
524 1411 825 1470 sententia
874 1411 1182 1470 decretum
1224 1417 1336 1484 est,
1388 1417 1451 1470 et
1496 1413 1810 1489 patefactus
1858 1413 2020 1472 fores
2065 1411 2444 1472 inhiantibus

257 1501 517 1578 speciem
556 1502 949 1561 ostendebant
995 1503 1167 1561 ducis
1212 1502 1325 1573 sui,
1374 1503 1628 1581 dignum
1675 1502 1863 1582 digna
1909 1523 1983 1563 ex
2033 1504 2283 1562 victoria
2326 1503 2433 1562 tri-

254 1594 552 1672 umphum
592 1594 975 1672 reportantis,
1020 1602 1150 1653 tum
1186 1595 1496 1654 enimvero
1537 1615 1612 1654 ex
1652 1597 1783 1655 tota
1821 1595 2004 1654 simu]
2041 1596 2442 1654 multitudine

254 1707 379 1746 una
418 1688 853 1765 gratulantium
893 1692 955 1745 et
995 1687 1469 1766 supplicantium
1509 1695 1604 1748 est
1630 1694 1836 1747 coorta
1862 1707 1995 1748 vox.
2081 1689 2238 1746 Tum
2277 1689 2440 1748 sicut

252 1777 429 1836 liberi
476 1784 791 1856 parentem
839 1799 1017 1838 suum
1066 1781 1171 1838 diu
1216 1785 1510 1858 optatum,
1559 1781 1731 1839 urbis
1775 1790 2009 1858 patrem
2049 1781 2440 1840 circumsilire

250 1871 495 1948 plebes3
555 1877 688 1930 tum
736 1871 1114 1948 captivorum
1157 1873 1354 1944 modo,
1405 1873 1662 1931 vindicis
1702 1873 1798 1931 sui
1840 1893 2043 1951 genua
2089 1874 2436 1951 amplexari.

251 1962 406 2020 Tota
448 1962 788 2036 Britannia,
836 1968 969 2021 tota
1014 1963 1303 2034 Atlantis,
1348 1965 1632 2041 plausum
1677 1966 1990 2023 sustulere.
2071 1963 2185 2022 Ille
2231 1969 2438 2022 autem

249 2055 537 2119 eximium
578 2056 739 2115 inter
777 2055 1010 2134 palmas
1051 2055 1345 2117 humanas
1385 2056 1714 2135 proemium‚
1753 2077 2012 2117 amorem
2053 2060 2117 2116 et
2153 2056 2435 2116 affectum

250 2166 513 2220 suorum,
540 2168 661 2207 non
689 2150 1018 2225 aspernari.
1105 2149 1226 2227 Spe
1252 2150 1598 2228 gaudioque
1637 2151 1796 2209 elato
1837 2150 2172 2227 surgebant
2198 2149 2434 2221 cristoe3

247 2258 315 2297 os
358 2240 624 2298 nitebat:
684 2241 949 2299 astabam
992 2240 1187 2313 enim3
1247 2240 1475 2319 illique,
1519 2242 1681 2301 sicut
1728 2243 1802 2302 de
1845 2241 1952 2300 illo
1997 2241 2279 2315 traditur,
2325 2243 2435 2319 qui

246 2331 476 2409 primus
503 2351 567 2390 se
588 2350 697 2409 pro
722 2331 1013 2410 religione
1040 2332 1288 2392 devovit
1316 2332 1682 2410 Stephanus,
1712 2336 1922 2395 vultus
1950 2334 2140 2409 major
2164 2334 2430 2395 humano

249 2422 445 2484 Deum
471 2424 929 2485 referebat—J.
957 2426 1035 2483 Y.
1069 2424 1363 2485 SARGENT.

878 2640 1057 2729 XIX.
1145 2639 1388 2735 (Scon',
1419 2641 1798 2720 Antiquam-y.)

364 2782 517 2843 Erat
544 2784 816 2862 profecto
843 2785 1172 2845 foedissima
1211 2790 1559 2865 tempestas.
1642 2787 1798 2845 Nam
1825 2787 2103 2865 proeellae
2140 2789 2430 2868 strepitus

244 2878 308 2932 et
333 2877 694 2935 marinarum
722 2877 926 2936 avium
951 2880 1175 2938 clamor
1200 2880 1371 2956 quasi
1401 2879 1657 2938 naeniam
1675 2880 1954 2939 dicebant
1981 2882 2056 2939 de
2082 2881 2278 2939 tribus
2304 2881 2429 2941 illis

243 2967 549 3043 perituris,
580 2969 685 3045 qui
711 2969 965 3047 ancipiti
990 2970 1181 3047 objice
1208 2971 1575 3045 clausis-ut
1601 2972 2002 3050 pulcherrimo
2029 2974 2118 3033 ita
2142 2974 2428 3033 formido.

242 3059 537 3120 losissimo
564 3067 1101 3123 rerum—-aestuoso
1131 3063 1361 3123 scilicet
1382 3066 1630 3143 gurgite
1645 3072 1708 3123 et
1723 3066 2180 3145 inexpugnabili
2196 3088 2426 3145 rupe-

240 3151 558 3211 decumani
623 3153 919 3231 cujusque
988 3155 1231 3227 fluctus,
1288 3156 1471 3214 altius
1526 3157 1707 3215 solito
1763 3177 1826 3218 se
1881 3159 2056 3219 litore
2109 3160 2420 3235 erigentis,

240 3243 469 3320 spumis
496 3244 825 3303 identidem
852 3247 1025 3319 allisi,
1055 3267 1165 3325 per
1189 3249 1307 3307 iter
1331 3249 1718 3308 enitebantur
1746 3251 1984 3309 difficile
2011 3270 2080 3309 ac
2107 3252 2420 3311 lubricum.

244 3334 478 3394 Sensim
506 3336 791 3394 continuo
816 3336 1138 3414 ingruebat
1162 3338 1450 3399 infestum
1479 3341 1669 3399 mare!
1717 3340 1898 3418 Spem
1926 3346 2125 3401 tamen
2151 3343 2424 3401 ultimam

239 3446 397 3503 oegre
422 3427 845 3505 relinquenteS,
874 3430 940 3488 in
978 3430 1216 3508 nigram
1256 3451 1469 3508 rupem
1499 3451 1676 3508 quam
1718 3434 2030 3492 mendicus
2057 3435 2422 3509 ostenderat,

239 3519 428 3578 aciem
468 3520 881 3581 intendebant.
964 3522 1288 3582 Eminebat
1311 3524 1418 3582 illa
1444 3525 1686 3602 quidem
1711 3532 2059 3603 spumantes
2085 3528 2247 3586 inter
2271 3528 2414 3587 fluc-

236 3615 355 3683 tus,
386 3612 575 3671 donec
600 3615 681 3672 ad
706 3614 927 3673 flexum
968 3616 1286 3692 quemdam
1328 3617 1654 3693 periculosi
1696 3618 1957 3678 tramitis
2003 3625 2418 3696 pervenerant,

238 3703 345 3762 ubi
389 3704 747 3782 interposito
792 3707 1040 3785 scopulo
1086 3708 1443 3767 abscondita
1469 3714 1581 3767 est.
1665 3710 1818 3767 Tum
1859 3711 2102 3769 demum
2140 3711 2419 3772 destituti

240 3796 503 3872 specula,
526 3794 647 3874 qua
672 3799 883 3857 confisi
910 3802 1101 3874 erant,
1122 3797 1297 3859 luctu
1315 3800 1584 3878 ancipiti,
1609 3802 1980 3861 consternati
1997 3822 2068 3861 ac
2089 3804 2418 3880 pendentes
