2744 4138
359 135 396 205 7
402 145 441 204 2
969 161 1097 206 nr
1140 163 1215 208 ro
1258 163 1381 208 m
1425 163 1608 208 tumn
1654 164 1929 210 nmuAL.

352 313 464 380 est,
494 308 558 366 id
584 310 747 386 apud
773 307 1038 388 judicem
1063 330 1250 388 grave
1275 316 1338 372 et
1365 315 1644 371 sanctum
1671 312 1929 372 ducetur
1947 310 1979 372 P
2061 311 2224 386 Quid
2249 318 2359 386 est,
2378 314 2552 391 quod

352 400 733 479 negligenter
784 402 1116 461 scribamus
1167 403 1565 463 adversaria?
1636 405 1784 483 quid
1839 410 1952 478 est,
2001 405 2164 482 quod
2217 406 2548 484 diligenter

352 493 738 552 conficiamus
764 492 1049 553 tabulas?
1090 496 1233 572 quia
1259 496 1388 556 haec
1416 503 1562 554 sunt
1590 501 1928 555 menstrua:
1971 497 2090 556 illae
2111 503 2254 556 sunt
2281 502 2504 556 eternae
2523 525 2540 557 :

350 584 477 644 haec
505 585 785 644 delentur
810 587 1051 645 statim:
1093 586 1212 646 111ae
1236 594 1560 646 servantur
1585 595 1826 647 sancte:
1873 589 1998 647 hoeo
2037 590 2213 667 parvi
2243 592 2536 668 temporis

348 680 720 749 memoriam,
774 680 893 737 illoe
958 685 1263 757 perpetuae
1318 682 1780 741 existimationis
1834 682 2015 740 fidem
2069 687 2133 740 et
2184 683 2544 760 religionem

349 772 832 848 amplectuntur:
876 772 1003 830 haec
1032 778 1177 830 sunt
1202 772 1452 851 dejecta,
1481 774 1600 833 illae
1625 774 1689 832 in
1718 775 1993 835 ordinem
2021 773 2328 834 conFectoe.
2409 774 2539 833 Ita-

349 884 467 941 que
506 863 849 922 adversaria
893 863 958 920 in
996 864 1298 940 judIcium
1341 867 1599 942 protulit
1644 885 1857 925 nemo:
1927 867 2197 926 codicem
2243 867 2540 944 protulit3

346 955 586 1014 tabulas
614 954 1119 1014 recitavit.—CIG.
1140 976 1254 1033 pro
1286 956 1353 1027 Q.
1384 958 1604 1030 Roscia,
1638 958 1691 1030 1,
1723 957 1780 1016 2.

1332 1173 1427 1230 VI
1437 1172 1514 1231 [Ι.

464 1301 732 1360 Pecunia
770 1301 882 1360 tibi
924 1301 1177 1359 debetur
1214 1305 1398 1372 certa,
1442 1321 1575 1379 quae
1622 1321 1786 1360 nunc
1821 1302 2054 1380 petitur
2098 1322 2209 1379 per
2241 1302 2540 1380 judicem.

342 1391 464 1451 Hic
503 1397 572 1450 tu
613 1394 665 1451 si
704 1393 963 1472 amplius
1004 1392 1116 1451 HS
1165 1403 1414 1451 nummo
1463 1393 1686 1470 petisti,
1723 1414 1907 1470 quam
1951 1394 2064 1452 tibi
2101 1395 2375 1453 debitum
2421 1403 2540 1467 est,

342 1504 587 1543 causam
627 1486 978 1563 perdidisti3
1035 1489 1354 1562 propterea
1409 1485 1572 1562 quod
1626 1486 1791 1543 aliud
1844 1491 1938 1544 est
1985 1485 2305 1561 judicium,
2363 1488 2542 1546 aliud

338 1577 675 1636 arbitrium.
785 1577 1097 1636 Judicium
1136 1580 1228 1634 est
1281 1577 1551 1653 pecunioe
1605 1585 1817 1648 certae3
1876 1577 2217 1649 arbitrium,
2268 1578 2540 1637 incertae.

338 1668 440 1727 Ad
470 1670 770 1747 judicium
797 1669 911 1728 hoc
939 1670 1117 1727 modo
1144 1669 1438 1741 venimus,
1465 1675 1534 1727 ut
1561 1675 1753 1727 totam
1794 1670 1965 1728 litem
2004 1674 2113 1727 aut
2150 1670 2540 1730 obtineamus

338 1768 448 1820 aut
474 1763 860 1822 amitt-amus:
902 1762 979 1820 ad
1021 1763 1342 1820 arbitrium
1383 1762 1497 1819 hoc
1523 1761 1725 1819 animo
1753 1762 2008 1834 adimus,
2036 1768 2108 1820 ut
2134 1782 2329 1840 neque
2354 1763 2537 1836 nihil,

337 1874 533 1931 neque
578 1859 841 1925 tantum,
891 1857 1184 1931 quantum
1221 1851 1675 1930 postulavimus,
1719 1873 2175 1930 consequamur.
2260 1854 2410 1931 Ejus
2444 1857 2540 1914 rei

337 1947 469 2024 ipsa
508 1947 691 2006 verba
726 1947 998 2005 formulae
1038 1944 1386 2003 testimonio
1428 1949 1593 2003 sunt.
1680 1944 1841 2018 Quid
1878 1951 1972 2003 est
2013 1945 2078 2002 in
2116 1945 2347 2023 judicio
2367 1945 2397 2006 P
2441 1949 2540 2006 di-

335 2045 587 2111 rectum,
626 2059 924 2117 asperum,
961 2039 1233 2115 simplex.
1318 2042 1333 2068 ‘
1356 2035 1426 2095 Si
1458 2040 1630 2114 paret
1671 2036 1974 2103 HSIOOO
2025 2038 2158 2097 dari
2205 2041 2537 2117 oportere.’

336 2131 475 2203 Hic,
504 2132 626 2190 nisi
658 2133 907 2210 planum
934 2131 1080 2189 facit
1105 2130 1415 2196 HSIOOO
1444 2129 1525 2188 ad
1561 2130 1830 2189 libellam
1871 2131 1989 2188 sibi
2029 2130 2250 2202 deberi,
2282 2151 2538 2190 causam

334 2223 555 2299 perdit.
667 2223 829 2297 Quid
877 2227 970 2281 est
1020 2222 1085 2280 in
1140 2220 1393 2279 arbitrio
1418 2219 1447 2279 P
1504 2221 1669 2292 mite,
1724 2222 2120 2292 moderatum,
2179 2226 2196 2253 ‘
2215 2220 2538 2295 Quantum

333 2318 582 2396 oequius,
612 2318 843 2389 melius,
886 2317 952 2375 id
993 2315 1163 2375 dari.’
1249 2314 1364 2373 Ille
1403 2319 1612 2373 tamen
1653 2314 1981 2375 confitetur
2018 2317 2158 2392 plus
2198 2335 2264 2374 se
2301 2323 2532 2394 petere,

335 2430 517 2487 quam
560 2412 883 2469 debeatur:
928 2409 1035 2468 sed
1075 2408 1224 2467 satis
1264 2426 1565 2484 superque
1605 2406 1824 2465 haben-e
1873 2408 2037 2479 dicit,
2082 2408 2246 2485 quod
2294 2409 2410 2466 sibi
2452 2412 2534 2468 ab

330 2504 562 2563 arbitro
590 2503 910 2561 tribuatur.
993 2501 1208 2577 Itaque
1236 2498 1390 2557 alter
1418 2517 1611 2557 causae
1640 2493 1904 2571 confidit,
1933 2499 2086 2557 alter
2111 2498 2345 2556 diffidit.

453 2596 598 2670 Quae
626 2614 764 2653 cum
790 2594 880 2652 ita
906 2593 1046 2665 sint,
1068 2610 1268 2668 quaero
1295 2589 1406 2649 abs
1426 2595 1505 2660 te,
1530 2590 1678 2666 quid
1702 2590 1791 2647 ita
1810 2591 1885 2648 de
1905 2590 2016 2648 hac
2037 2591 2307 2667 pecunia,
2326 2592 2404 2651 de
2429 2592 2534 2651 his

330 2687 479 2764 ipsis
506 2687 830 2758 Hsmoc),
861 2688 937 2745 de
962 2692 1206 2744 tuarum
1234 2684 1580 2742 tabularum
1608 2683 1725 2740 fide
1752 2684 2252 2760 compromissum
2287 2684 2527 2757 feceris,

329 2779 626 2837 arbitrum
654 2779 995 2856 sumpseris,
1020 2781 1315 2855 quantum
1343 2774 1575 2851 aequius
1603 2779 1667 2832 et
1693 2774 1908 2832 melius
1929 2775 2011 2833 sit
2033 2774 2183 2846 dari,
2203 2777 2526 2852 repromit-

328 2872 473 2943 tive,
515 2872 567 2930 si
608 2871 890 2949 pareret?
977 2870 1126 2944 Quis
1165 2870 1231 2925 in
1269 2867 1428 2926 hanc
1474 2886 1602 2925 rem
1649 2867 1772 2925 fuit
1814 2865 2088 2926 arbiter?
2177 2867 2428 2926 Utinam
2473 2870 2528 2927 is

330 2963 576 3040 quidem
605 2965 813 3023 Romae
854 2963 1043 3022 esset!
1129 2962 1339 3019 Romae
1379 2963 1491 3019 est.
1571 2958 1832 3018 Utinam
1870 2959 2110 3018 adesset
2146 2959 2212 3017 in
2251 2961 2520 3037 judicio!

328 3054 540 3113 Adest.
622 3056 877 3115 Utinam
904 3056 1143 3114 sederet
1167 3053 1235 3111 in
1260 3050 1513 3112 consilio
1542 3050 1608 3110 C.
1640 3050 1914 3111 Pisonis!
1962 3051 2102 3130 Ipse
2133 3050 2202 3111 G.
2233 3052 2376 3111 Piso
2403 3059 2521 3113 est.

326 3146 535 3207 ——Cm
556 3168 668 3225 pro
698 3149 767 3219 Q.
796 3149 1018 3221 Roscio,
1046 3146 1104 3206 4.

1369 3312 1481 3371 IX.

440 3447 639 3506 'Vetus
678 3451 773 3506 est
819 3446 1040 3523 opini0‚
1083 3463 1217 3521 quoe
1262 3447 1506 3503 constat
1543 3461 1618 3499 ex
1670 3439 2114 3518 antiquissimis
2165 3441 2519 3501 Groecorum

322 3538 514 3598 literis
565 3544 629 3599 et
680 3538 1106 3609 monumentis,
1148 3536 1414 3595 insulam
1471 3532 1740 3593 Siciliam
1787 3537 1984 3592 totam
2031 3554 2163 3594 esse
2207 3534 2412 3593 Cereri
2451 3544 2518 3593 et

320 3630 552 3690 Iziberae
592 3636 1023 3691 consecratam.
1104 3627 1243 3685 Hoc
1282 3646 1426 3685 cum
1461 3630 1674 3683 ceteroe
1721 3630 1936 3701 gentes
1983 3626 2070 3685 sic
2116 3626 2516 3699 arbitrantur,

321 3729 459 3782 tum
484 3724 633 3802 ipsis
665 3723 885 3784 Siculis
912 3724 1002 3781 ita
1038 3738 1394 3798 persuasum
1433 3722 1528 3775 est
1564 3722 1639 3775 ut
1671 3716 1739 3774 in
1774 3716 1995 3776 animis
2022 3737 2232 3777 eorum
2257 3720 2513 3779 insitum

319 3821 504 3892 atque
530 3816 807 3874 innatum
836 3834 965 3875 esse
988 3813 1289 3873 videatur.
1372 3809 1537 3869 Nam
1563 3815 1626 3868 et
1651 3811 1828 3867 natas
1853 3828 1984 3869 esse
2010 3809 2121 3870 has
2146 3810 2214 3867 in
2239 3812 2336 3870 his
2363 3812 2512 3871 locis
