2744 4138
273 167 360 230 20
884 184 1012 231 xm
1057 187 1131 232 'rc
1177 187 1297 232 mu
1341 186 1531 233 nrm
1576 172 1895 234 umnam(

1267 381 1473 440 XXX.

397 519 573 596 Quod
613 519 665 580 si
689 521 1078 599 vituperandi
1119 526 1262 580 sunt
1289 521 1394 600 qui
1433 523 1824 595 reticuerunt,
1855 521 2001 599 quid
2038 521 2113 581 de
2154 521 2229 582 iis
2257 522 2463 581 existi-

275 611 567 672 mandum
592 618 704 685 est,
735 613 840 689 qui
866 612 1157 671 orationis
1183 614 1516 672 vanitatem
1557 611 2017 672 adhibuerunt?
2100 612 2169 672 Ο.
2214 613 2459 686 Canius,

273 724 455 783 eques
476 703 804 776 Romanus,
823 723 934 763 nec
954 705 1256 764 infacetus
1283 710 1347 763 et
1367 707 1515 764 satis
1534 705 1859 777 litteratae,
1880 724 2021 763 cum
2038 725 2103 764 se
2126 705 2462 784 Syracusas

276 798 522 870 otiandi,
549 818 674 857 non
712 797 1068 876 negotiandi
1108 796 1289 857 causa
1329 800 1703 871 contulisset,
1733 798 2055 858 dictitabat
2082 819 2146 858 se
2185 801 2461 859 hortulos

275 892 510 968 aliquos
537 909 734 949 emere
760 891 932 963 velle,
966 910 1087 967 quo
1126 890 1388 950 invitare
1425 891 1651 950 amicos
1676 895 1738 949 et
1762 889 1869 949 ubi
1896 910 1961 949 se
1988 892 2289 952 oblectare
2330 893 2463 952 sine

275 983 825 1061 interpellatoribus
873 987 1094 1060 posset.
1181 981 1356 1056 Quod
1409 1003 1549 1042 cum
1600 983 2058 1061 percrebuisset,
2106 984 2365 1062 Pythius
2405 985 2462 1044 ei

277 1075 540 1153 quidam,
587 1075 693 1152 qui
731 1077 1135 1154 argentariam
1176 1075 1405 1135 faceret
1449 1074 1785 1152 SyracusiS,
1828 1076 2073 1135 venales
2111 1076 2358 1154 quidem
2396 1095 2463 1134 se

184 1183 190 1190 ·
275 1168 482 1226 hortos
521 1188 646 1227 non
686 1167 920 1239 habere,
962 1168 1070 1226 sed
1109 1167 1290 1226 licere
1327 1167 1423 1225 uti
1467 1167 1674 1240 Canio,
1716 1168 1770 1226 si
1809 1169 2012 1240 vellet,
2060 1173 2135 1228 ut
2180 1168 2338 1241 suis;
2400 1172 2465 1228 et

276 1261 456 1318 simul
483 1261 564 1319 ad
601 1279 812 1319 cenam
838 1260 1144 1319 hominem
1169 1260 1234 1318 in
1274 1259 1483 1318 hortos
1522 1260 1810 1319 invitavit
1835 1261 1899 1318 in
1939 1266 2250 1338 posterum
2278 1261 2457 1320 diem.

277 1350 432 1411 Cum
458 1351 560 1409 ille
587 1350 977 1429 promisisset,
1005 1356 1140 1409 tum
1167 1351 1427 1429 Pythius
1454 1349 1783 1428 piscatores
1810 1353 1888 1411 ad
1917 1371 1982 1410 se
2008 1352 2368 1412 convocavit
2394 1358 2457 1410 et

275 1445 353 1504 ab
377 1445 475 1504 his
501 1443 735 1522 petivit,
764 1450 836 1502 ut
864 1451 1007 1504 ante
1035 1464 1174 1503 suos
1201 1444 1476 1502 hortulos
1515 1444 1805 1522 postridie
1845 1444 2245 1522 piscarentur,
2276 1445 2461 1505 dixit-

276 1556 394 1615 que
435 1537 581 1614 quid
608 1556 709 1596 eos
749 1537 946 1596 facere
985 1536 1188 1596 vellet.
1267 1535 1369 1594 Ad
1423 1555 1631 1595 cenam
1672 1541 1943 1614 tempore
1981 1537 2151 1596 venit
2192 1537 2417 1598 Canius
2444 1563 2463 1596 z

275 1630 516 1708 opipare
557 1648 594 1688 a
620 1629 844 1708 Pythio
884 1635 1242 1708 apparatum
1283 1629 1650 1699 convivium,
1678 1631 2034 1706 cymbarum
2074 1634 2215 1690 ante
2256 1630 2461 1690 oculos

274 1722 600 1781 multitudo
625 1746 639 1793 ;
679 1740 790 1799 pro
818 1742 882 1780 se
921 1721 1192 1798 quisque,
1223 1721 1386 1797 quod
1425 1725 1683 1797 ceperat,
1714 1721 2028 1780 adferebat
2047 1747 2063 1780 ε
2104 1726 2247 1780 ante
2273 1723 2460 1800 pedes

276 1814 485 1891 Pythii
510 1814 703 1892 pisces
731 1813 1158 1872 abiciebantur.
1220 1812 1380 1870 Tum
1422 1811 1665 1884 Canius,
1698 1817 1713 1844 ‘
1738 1812 1995 1887 Quaeso‚’
2024 1813 2241 1890 inquit,
2277 1818 2292 1845 ‘
2310 1813 2463 1891 quid

273 1912 366 1966 est
393 1906 524 1978 hoc,
555 1906 741 1985 Pythi
765 1903 794 1964 Ῥ
835 1910 1156 1964 tantumne
1183 1903 1491 1982 piscium?
1534 1910 1851 1963 tantumne
1879 1903 2283 1983 cymbarum?
2305 1906 2320 1933 ’
2378 1905 2465 1962 Et

273 1999 393 2068 ille,
417 2003 432 2030 ‘
452 1997 613 2073 Quid
638 1997 909 2057 mirum?
933 1999 946 2023 ’
976 1997 1209 2075 inquit3
1244 1999 1258 2026 ‘
1280 1997 1395 2055 hoc
1421 1995 1553 2055 loco
1577 2002 1671 2055 est
1704 1995 2019 2075 Syracusis
2046 1997 2342 2075 quidquid
2368 2001 2465 2055 est

273 2091 531 2169 piscium
554 2115 569 2162 3
610 2092 709 2149 hic
737 2092 998 2168 aquatic,
1023 2090 1136 2149 hac
1158 2090 1301 2148 villa
1321 2108 1523 2147 carere
1549 2089 1654 2147 isti
1678 2108 1801 2147 non
1828 2089 2123 2166 possunt.’
2167 2088 2462 2149 Incensus

278 2181 504 2242 Canius
531 2182 860 2259 cupiditate
887 2181 1201 2241 contendit
1242 2200 1280 2239 a
1305 2181 1533 2259 Pythio
1557 2187 1631 2238 ut
1656 2180 1959 2240 venderet.
2048 2180 2316 2240 Gravate
2354 2182 2462 2239 ille

274 2276 490 2352 primo.
572 2273 732 2348 Quid
755 2273 946 2332 multa
963 2272 992 2332 ⁸?
1035 2273 1336 2349 impetrat.
1420 2271 1589 2329 Emit
1614 2272 1793 2329 homo
1823 2274 2089 2349 locuples
2111 2278 2173 2331 et
2199 2274 2461 2350 cupidus

275 2366 452 2435 tanti,
484 2366 697 2443 quanti
736 2364 996 2442 Pythius
1025 2364 1234 2433 voluit,
1278 2368 1342 2421 et
1367 2362 1518 2421 emit
1557 2363 1907 2422 instructos.
1991 2364 2253 2423 Nomina
2290 2364 2459 2434 facit,

275 2459 590 2537 negotium
644 2457 904 2517 conficit.
1011 2456 1244 2513 Invitat
1299 2454 1527 2513 Canius
1580 2454 1871 2531 postridie
1918 2455 2245 2514 familiares
2300 2475 2460 2527 suos,

277 2551 450 2609 venit
477 2550 608 2629 ipse
635 2554 888 2619 mature,
935 2548 1224 2606 scalmum
1264 2546 1503 2604 nullum
1530 2545 1713 2605 videt.
1797 2545 2031 2619 Quaerit
2068 2567 2143 2605 ex
2184 2548 2463 2624 proximo

276 2644 492 2714 vicino,
535 2664 684 2702 num
725 2641 887 2699 ferioe
929 2640 1202 2717 quaedam
1241 2638 1611 2715 piscatorum
1652 2635 1869 2708 essent,
1917 2640 2080 2715 quod
2119 2659 2221 2698 eos
2265 2640 2464 2698 nullos

275 2734 527 2794 videret.
613 2735 861 2806 ‘Nulloe,
891 2733 1050 2809 quod
1091 2730 1318 2802 sciam,'
1347 2731 1550 2807 inquit
1575 2731 1709 2800 ille3
1755 2735 1770 2762 ‘
1789 2732 1894 2789 sed
1922 2732 2019 2789 hic
2059 2733 2282 2808 piscari
2309 2732 2463 2789 nulli

277 2826 506 2887 solent:
551 2827 757 2903 itaque
781 2824 914 2884 heri
941 2823 1204 2883 mirabar
1232 2822 1380 2898 quid
1406 2820 1973 2881 accidisset.’—-Clc.
2004 2823 2073 2881 de
2108 2822 2217 2901 Off.
2250 2841 2339 2882 111.
2364 2823 2457 2881 14.

1250 3026 1487 3085 XXXI.

395 3185 528 3245 Mos
554 3184 935 3263 popularium
963 3181 1230 3260 partium
1250 3186 1315 3240 et
1339 3180 1588 3240 senatus
1608 3182 1958 3253 factionum,
1983 3186 2167 3259 atque
2188 3182 2461 3241 omnium

275 3280 573 3339 malarum
623 3279 863 3348 artium,
909 3274 1120 3353 paucis
1171 3277 1311 3333 ante
1365 3274 1541 3332 annis
1589 3273 1797 3333 Romae
1850 3280 2019 3332 ortus
2072 3278 2184 3346 est,
2231 3274 2356 3335 otio
2399 3282 2463 3334 et

276 3369 648 3431 abundantia
673 3388 880 3429 earum
904 3387 1126 3439 rerum,
1152 3385 1284 3442 quse
1306 3366 1501 3442 prima
1521 3368 1803 3426 mortales
1822 3366 2071 3425 ducunt.
2114 3366 2293 3439 Nam,
2316 3373 2461 3427 ante

279 3461 705 3539 Carthaginem
760 3457 1037 3529 deletam,
1093 3456 1354 3533 populus
1421 3461 1484 3515 et
1536 3464 1781 3516 senatus
1850 3456 2162 3516 Romanus
2228 3457 2462 3535 placide

275 3553 664 3629 modesteque
714 3551 875 3608 inter
929 3568 994 3608 se
1045 3547 1481 3625 rempublicam
1532 3548 1909 3607 tractabant:
1979 3566 2175 3624 neque
2227 3548 2456 3623 glorioe,

273 3666 466 3722 neque
516 3642 944 3703 dominationis
987 3646 1293 3699 certamen
1335 3639 1496 3698 inter
1539 3640 1701 3698 cives
1745 3643 1909 3699 erat:
1974 3644 2177 3698 metus
2223 3639 2459 3699 hostilis

273 3738 337 3794 in
379 3736 550 3795 bonis
602 3735 836 3794 artibus
891 3734 1201 3791 civitatem
1254 3731 1572 3789 retinebat.
1684 3730 1824 3802 Sed,
1880 3730 1988 3789 ubi
2040 3730 2148 3789 illa
2200 3730 2458 3790 formido

271 3828 573 3888 mentibus
613 3827 884 3900 decessit,
929 3844 1016 3898 ea,
1061 3843 1191 3902 quae
1235 3822 1512 3882 secundae
1552 3842 1647 3881 res
1702 3827 1923 3895 amant,
1968 3822 2219 3882 lascivia
2273 3828 2457 3900 atque
