2744 4138
1304 103 1460 168 i‘An‘r
1489 123 1592 170 iv.
1996 150 2002 156 -
2455 109 2536 170 57

346 253 573 329 cintus
612 270 814 342 armis,
844 269 1136 349 objectus,
1166 269 1235 330 ea
1261 272 1606 331 conditione
1648 271 2073 354 contendebat,
2104 271 2204 331 cui
2229 270 2431 330 nescio
2457 291 2538 330 an

345 381 528 422 nemo
556 364 906 423 mortalium
932 383 1330 442 responsurus
1357 365 1589 438 fuisset,
1608 375 1680 423 ut
1698 364 1914 424 leviter
1941 369 2188 439 erraret,
2207 363 2540 443 perniciose

344 457 1129 534 plecteretur.—W1‘1ARTON
1155 459 1486 519 MARmO‘H’.

683 661 895 721 XVII.
986 662 1186 738 (Lonn
1225 662 1568 736 MAcAULAY,
1599 664 1756 722 Hist.
1787 663 1856 741 os
1885 661 2218 742 Enqland.)

471 801 689 862 Carolo
717 803 928 880 igitur,
956 807 1027 860 ut
1054 803 1167 862 hac
1209 801 1530 880 disciplina
1568 803 1914 876 informate,
1944 804 2314 867 videbantur
2341 803 2540 864 inesse

344 894 553 953 cultus
606 895 852 972 quidem
905 895 1117 968 civilis,
1173 902 1384 974 gestus
1436 896 1800 973 habitusque
1852 897 2179 955 admodum
2233 898 2418 956 comis
2472 903 2539 956 et

343 987 636 1058 urbanus,
659 987 824 1046 haud
853 987 1119 1046 insulsus
1146 1008 1359 1059 sermo,
1379 987 1611 1046 indoles
1638 1008 1821 1065 quam
1847 989 2107 1047 maxime
2131 989 2199 1046 in
2224 989 2538 1048 libidinem

344 1097 577 1155 prona3
616 1079 745 1157 ipse
785 1086 1054 1139 cessator
1080 1085 1143 1138 et
1184 1099 1485 1157 nugarum
1525 1099 1753 1149 amans,
1781 1079 2091 1157 patientiae
2119 1085 2181 1138 et
2206 1080 2400 1139 labori
2425 1081 2537 1138 im-

344 1189 477 1246 par,
498 1189 694 1247 neque
722 1171 911 1230 amori
927 1191 1121 1249 neque
1142 1172 1355 1230 virtuti
1384 1171 1660 1230 humanae
1681 1171 1861 1230 fidem
1889 1171 2226 1230 habendam
2253 1173 2537 1250 putabat3

346 1260 523 1320 famoe
549 1261 618 1318 in
646 1268 968 1339 utrumque
994 1283 1258 1323 securus
1333 1261 1580 1322 Scilicet
1606 1263 1712 1341 qui
1739 1283 1862 1321 non
1890 1263 2081 1340 pretio
2109 1269 2268 1323 esset
2287 1264 2536 1336 venalis,

346 1354 617 1430 negabat
670 1374 799 1413 esse
842 1375 1239 1433 quemquam:
1310 1357 1500 1414 alium
1555 1357 1800 1433 quidem
1852 1358 1990 1434 plus
2033 1357 2151 1415 alio
2193 1357 2258 1414 in
2303 1356 2540 1415 summa

346 1445 645 1504 mercedis
672 1466 795 1505 suae
821 1466 950 1506 esse
976 1448 1273 1519 multum3
1316 1469 1452 1526 quae
1474 1447 1726 1506 licitatio
1749 1468 1939 1525 quum
1967 1448 2291 1506 admodum
2318 1450 2540 1507 acriter

348 1542 413 1595 et
452 1536 667 1596 callide
710 1539 791 1596 sit
836 1544 1027 1616 gesta,
1072 1539 1337 1618 specioso
1385 1540 1590 1617 aliquo
1633 1541 1874 1598 nomine
1917 1540 2210 1599 exornari.
2294 1540 2371 1597 In
2414 1560 2538 1618 quo

350 1649 585 1706 genere,
642 1651 775 1708 quae
843 1632 1104 1689 maxime
1170 1632 1400 1691 valeret
1467 1633 1626 1689 inter
1683 1631 1842 1691 viros
1897 1631 2197 1707 sapientes
2265 1631 2538 1691 caritatis

350 1724 641 1800 augendae
688 1743 804 1796 ars,
846 1725 991 1782 huic
1035 1743 1163 1782 esse
1204 1723 1548 1802 integritati
1594 1724 1862 1782 inditum
1901 1743 2139 1784 nomen.
2221 1724 2538 1782 Formosas

350 1822 553 1874 autem
601 1817 902 1888 mulieres,
951 1837 1061 1894 per
1103 1818 1482 1876 verecundiae
1523 1819 1820 1894 praecipue
1869 1815 2225 1894 praestigiaS,
2273 1816 2538 1893 pretium

349 1908 559 1966 formae
588 1929 713 1967 suae
750 1910 990 1969 addere.
1073 1910 1355 1968 Ceterum
1395 1917 1529 1967 tum
1568 1910 1687 1967 Dei
1724 1909 2052 1986 patriaeque
2091 1928 2373 1981 amorem,
2402 1915 2537 1967 tum

349 2001 638 2079 pietatem
663 2003 731 2061 in
758 2021 899 2060 suos
926 2002 1288 2080 amicosque,
1315 2003 1442 2060 haec
1470 2001 1671 2060 omnia
1697 2001 1892 2060 simile
1932 2001 2180 2080 aliquod
2208 2021 2435 2079 sapere,
2464 2005 2538 2058 nt

348 2114 483 2171 quae
528 2095 820 2155 vocabulo
869 2116 978 2172 per
1020 2097 1305 2173 ambages
1348 2096 1590 2173 egregie
1641 2095 2066 2172 commodeque
2120 2095 2535 2169 significarent

346 2206 613 2246 amorem
640 2189 754 2248 sui.
840 2188 960 2264 Qui
988 2209 1176 2265 quum
1204 2189 1278 2246 de
1304 2188 1440 2246 aliis
1468 2186 1811 2246 hominibus
1840 2187 1928 2245 ita
1954 2188 2341 2260 existimaret,
2371 2187 2537 2247 haud

301 2348 309 2354 ³
348 2280 574 2337 mirum
600 2281 652 2339 si
678 2299 851 2339 suam
888 2282 1049 2357 apud
1078 2281 1225 2339 alios
1254 2280 1780 2351 existimationem,
1809 2299 1944 2357 quoe
1971 2286 2080 2337 aut
2107 2284 2334 2356 quanta
2360 2284 2536 2349 esset,

348 2371 505 2429 nihil
532 2372 838 2447 penderet.
921 2373 1005 2431 Et
1034 2372 1218 2451 hujus
1259 2378 1503 2431 tantum
1542 2371 1889 2431 referebant
1926 2372 2207 2429 honestas
2235 2376 2298 2429 et
2322 2370 2536 2447 pudor,

348 2469 647 2541 quantum
692 2464 881 2523 oculis
922 2470 1101 2543 capto
1142 2465 1386 2523 valeant
1426 2465 1632 2523 lumen
1674 2469 1735 2522 et
1775 2463 1988 2541 calig0.
2087 2462 2282 2521 Laudi
2326 2462 2538 2519 datum

349 2555 513 2631 apud
556 2557 881 2614 nonnullos
921 2558 1116 2629 video,
1146 2558 1307 2634 quod
1346 2562 1791 2616 assentatorum
1817 2556 1900 2614 sit
1927 2560 2322 2631 contemptor,
2352 2574 2536 2631 quam

348 2666 477 2705 rem
506 2647 559 2705 si
586 2666 623 2705 a
648 2647 837 2707 totius
865 2649 1007 2708 vitae
1032 2650 1270 2708 ratione
1297 2650 1744 2727 contempleris,
1770 2668 2016 2726 prorsus
2044 2667 2184 2706 eum
2210 2646 2535 2724 indignum

347 2739 528 2798 laude
554 2740 845 2798 invenies,
928 2740 1164 2818 Nempe
1205 2741 1347 2799 licet
1389 2741 1792 2799 assentatione
1819 2750 1882 2799 et
1909 2739 2121 2799 melior
2147 2739 2232 2797 sis
2260 2743 2322 2796 et
2349 2739 2536 2816 pejor.

350 2832 472 2905 Qui
498 2832 727 2891 nemini
753 2834 980 2905 credat,
1009 2854 1121 2892 nec
1150 2833 1412 2911 parasito
1440 2834 1660 2892 credet.
1703 2833 1832 2893 Nec
1859 2833 1964 2911 qui
1991 2852 2196 2892 veram
2226 2838 2534 2909 contemp-

348 2926 495 2985 serit
522 2925 799 3003 gloriam,
828 2925 946 2984 iste
972 2927 1178 2985 fictam
1204 2927 1337 3003 ejus
1364 2926 1625 3003 speciem
1650 2924 2067 2985 inhiabit.—J.
2095 2924 2173 2982 Y.
2205 2923 2496 2983 SARGENT.

1110 3154 1355 3215 XVIII.
1445 3155 1742 3232 (Bunxn.)

465 3310 623 3369 Volo
666 3310 849 3370 etiam
878 3310 968 3368 illi
1002 3310 1153 3383 ’τίκ-ο,
1190 3310 1355 3388 quod
1385 3316 1447 3368 et
1475 3312 1679 3382 debe0,
1712 3310 1817 3389 qui
1843 3310 1900 3368 ei
1925 3308 2174 3386 proefuit
2215 3300 2535 3388 rogationi,

342 3403 474 3475 jam
499 3403 725 3463 merita
755 3404 1059 3481 imputare
1087 3422 1213 3460 sua.
1297 3402 1420 3475 Qui
1445 3422 1661 3480 neque,
1703 3401 1865 3480 quod
1892 3402 2115 3478 injuria
2149 3402 2535 3479 exprobrant,

346 3516 457 3573 per
482 3495 651 3555 dolos
679 3500 741 3554 et
768 3516 908 3554 cum
934 3494 1295 3553 fortitudine
1338 3494 1758 3571 industriaque
1797 3494 2009 3571 egerit.
2092 3494 2266 3551 Illius
2293 3512 2404 3551 nos
2431 3513 2535 3552 ex-

347 3588 546 3665 emplo
588 3587 857 3646 universi
900 3585 1149 3645 excitati
1189 3606 1438 3645 sumus:
1495 3587 1776 3645 mihimet
1816 3586 1934 3662 ipsi
1981 3585 2310 3644 novissimo
2354 3584 2540 3644 tironi

346 3678 557 3738 addita
600 3680 818 3739 virtus.
902 3678 1035 3757 Ego
1078 3698 1223 3737 vero
1267 3678 1560 3736 confiteor
1604 3678 1750 3737 satis
1795 3683 1931 3736 tum
1977 3676 2319 3736 innotuisse
2360 3675 2532 3750 mihi,

345 3792 541 3849 neque
568 3773 731 3830 enim
758 3791 1124 3849 quemquam
1152 3771 1335 3830 celari
1361 3775 1619 3849 poterat,
1644 3789 1851 3828 rerum
1878 3788 2114 3828 summa
2142 3769 2442 3847 quomodo
2471 3790 2473 3792 ¹

2531 3746 2690 3777 ,a—
