2744 4138
291 138 373 198 14
902 150 1030 197 xa?
1074 151 1149 196 ‘ro
1196 153 1317 196 Tun
1362 151 1548 196 urm
1593 149 1870 195 amun„

285 302 545 360 clamore
585 320 656 359 ac
700 301 907 361 favore
954 299 1206 359 ominati
1244 304 1392 360 sunt
1436 299 1580 358 felix
1621 298 2008 374 faustumque
2046 296 2486 375 imperium.—

288 394 460 466 Lm,
490 410 643 453 xxvi.
677 393 773 453 18.

1300 556 1480 617 XXI.

411 701 586 760 Unus
612 701 896 759 inventus
923 705 1015 760 est
1044 720 1250 759 suasor
1278 699 1432 778 legis
1460 699 1527 759 O.
1559 699 1876 759 Terentius
1909 699 2118 772 Varm,
2149 697 2254 776 qui
2282 694 2490 774 priore

289 812 449 852 anno
501 800 723 872 praetor
767 793 985 864 fuerat,
1029 794 1161 852 loco
1202 812 1324 851 non
1364 793 1583 852 humili
1623 795 1817 851 solum
1857 795 1963 852 sed
2005 793 2187 851 etiam
2234 790 2486 849 sordido

290 891 482 946 ortus.
566 886 814 944 Patrem
853 885 1087 942 lanium
1126 884 1311 944 fuisse
1352 885 1574 956 ferunt,
1617 886 1816 962 ipsum
1858 885 2200 944 institorem
2241 883 2486 954 mercia,

291 978 535 1054 filioque
576 977 690 1035 hoc
736 977 869 1054 ipso
915 978 980 1035 in
1035 977 1276 1036 servilia
1330 978 1464 1054 ejus
1517 977 1665 1035 artis
1719 977 2056 1036 ministeria
2108 996 2303 1034 usum.
2414 975 2488 1033 Is

283 1069 550 1147 juvenis,
579 1069 682 1127 ubi
713 1089 786 1126 ex
815 1088 885 1128 eo
912 1088 1132 1146 genere
1159 1069 1426 1147 quaestfis
1466 1069 1725 1148 pecunia
1749 1090 1786 1128 a
1815 1077 1985 1147 patre
2012 1069 2224 1128 relicta
2249 1066 2492 1126 animos

293 1163 374 1221 ad
414 1181 583 1238 spem
622 1161 983 1220 liberalioris
1031 1161 1286 1221 fortunae
1334 1162 1496 1233 fecit,
1538 1167 1803 1240 togaque
1840 1168 1904 1222 et
1942 1163 2142 1221 forum
2186 1161 2489 1239 placuere,

292 1254 719 1332 proclamando
748 1273 857 1331 pro
896 1254 1155 1312 sordidis
1196 1254 1542 1312 hominibus
1563 1255 1898 1332 'causisque
1926 1255 2215 1314 adversus
2255 1273 2382 1311 rem
2422 1258 2494 1311 et

296 1345 525 1405 famam
550 1346 863 1417 bonorum,
895 1347 1155 1424 primum
1195 1349 1262 1406 in
1301 1347 1582 1405 notitiam
1609 1348 1835 1426 populi,
1867 1347 2084 1406 deinde
2112 1347 2191 1404 ad
2229 1348 2492 1405 honores

293 1441 589 1517 pervenit.
674 1438 990 1513 Quaestura
1029 1460 1282 1516 quoque,
1326 1445 1387 1497 et
1428 1440 1663 1498 duabus
1703 1441 2092 1499 aedilitatibus
2126 1447 2188 1499 et
2227 1440 2494 1517 praeturfi.

296 1532 667 1610 perfunctus,
696 1534 818 1610 jam
847 1533 925 1590 ad
952 1531 1298 1592 consulatus
1319 1553 1491 1610 spem
1517 1553 1707 1610 quum
1733 1535 2039 1592 attolleret
2055 1534 2306 1604 animOS,
2324 1533 2493 1591 haud

295 1642 511 1701 parum
540 1623 754 1682 callide
776 1643 985 1680 auram
1000 1623 1228 1682 favoris
1249 1623 1558 1700 popularis
1586 1644 1661 1681 ex
1686 1624 1916 1682 invidia¹
1942 1623 2262 1682 dictatoria
2287 1624 2485 1701 petiit,

298 1716 555 1793 scitique
594 1716 788 1792 plebis
828 1734 990 1772 unus
1044 1715 1307 1791 gratiam
1360 1715 1521 1774 tulit.
1627 1715 1853 1775 Omnes
1910 1735 2040 1774 eam
2093 1717 2489 1793 rogationem,

298 1807 523 1886 quique
578 1808 802 1878 Romae,
864 1807 1087 1884 quique
1140 1807 1205 1864 in
1258 1808 1528 1867 exercitu
1580 1814 1769 1881 erant,
1825 1809 1981 1886 sequi
2033 1813 2220 1884 atque
2273 1808 2488 1884 iniqui,

299 1907 519 1977 praeter
546 1899 749 1975 ipsum
777 1899 1152 1970 dictatorem,
1181 1899 1248 1958 in
1274 1900 1701 1958 contumeliam
1731 1900 1860 1977 ejus
1898 1901 2085 1958 latam
2112 1905 2491 1976 acceperunt.

301 1992 460 2069 Ipse,
482 1991 603 2068 qua
624 1991 925 2069 gravitate
941 1989 1130 2048 animi
1157 1991 1547 2050 criminantes
1565 2012 1630 2050 se
1651 1991 1726 2050 ad
1748 1990 2198 2049 multitudinem
2217 1991 2496 2049 inimicos

300 2085 543 2155 tulerat,
576 2083 782 2143 eadem
812 2086 874 2141 et
901 2084 1108 2160 populi
1147 2083 1215 2141 in
1256 2104 1319 2141 se
1347 2084 1646 2144 saevientis
1673 2085 1960 2162 injuriam
1985 2085 2162 2144 tulit:
2207 2085 2494 2162 acceptis-

304 2196 419 2255 que
446 2177 511 2234 in
538 2177 673 2253 ipso
698 2175 913 2233 itinere
940 2174 1133 2234 literis
1162 2182 1526 2253 senatusque
1554 2178 1830 2235 consulto
1858 2178 1933 2237 de
1960 2182 2196 2254 aequato
2222 2177 2491 2255 imperio,

304 2270 454 2329 satis
500 2269 693 2327 fidens
735 2268 1203 2345 haudquaquam
1251 2289 1391 2326 cum
1445 2269 1682 2346 imperii
1733 2270 1867 2347 jure
1914 2278 2104 2328 artem
2157 2272 2495 2348 imperandi

212 2422 217 2429 ,
303 2366 619 2441 aequatam,
649 2380 789 2419 cum
815 2360 1045 2419 invicto
1071 2380 1110 2418 a
1138 2360 1369 2419 civibus
1399 2360 1790 2438 hostibusque
1817 2362 2020 2421 animo
2052 2363 2129 2422 ad
2152 2363 2496 2423 exercitum

306 2457 755 2529 rediit—Lm,
788 2473 928 2516 xxa.
960 2456 1053 2529 25,
1085 2455 1182 2515 26.

1299 2624 1528 2706 XXII.-

428 2768 795 2829 Adolescens
823 2765 1038 2825 deinde
1064 2767 1143 2825 ad
1169 2766 1488 2827 AEbutiam
1531 2788 1594 2827 se
1635 2769 1884 2827 amitam
1923 2771 2198 2841 contulit,
2229 2792 2499 2831 causam-

309 2882 425 2941 que
456 2862 531 2927 ei,
559 2881 668 2919 cur
693 2864 852 2919 esset
876 2880 913 2918 a
942 2865 1131 2918 matre
1159 2860 1405 2937 ejectus,
1436 2860 1709 2919 narravit
1732 2887 1744 2920 :
1791 2862 2004 2921 deinde
2038 2883 2112 2920 ex
2141 2865 2500 2923 auctoritate

310 2959 443 3036 ejus
496 2960 737 3033 postero
792 2953 889 3011 die
941 2954 1018 3011 ad
1072 2955 1399 3027 consulem,
1457 2954 1703 3013 arbitris
1758 2958 2022 3029 remotis,
2079 2978 2208 3015 rem
2262 2958 2501 3018 detulit.

315 3048 541 3109 Consul
566 3052 706 3125 post
732 3045 892 3104 diem
921 3047 1172 3103 tertium
1199 3066 1261 3105 se
1282 3048 1522 3124 jussum
1550 3048 1746 3106 redire
1774 3048 2037 3107 dimisit:
2081 3050 2210 3125 ipse
2240 3049 2500 3127 Sulpici-

312 3163 429 3212 am,
460 3159 709 3217 gravem
735 3138 1039 3209 feminam,
1068 3144 1496 3216 percunctatus
1523 3146 1634 3213 est,
1657 3146 1671 3172 ‘
1692 3141 1960 3218 Ecquam
1978 3162 2160 3199 anum
2179 3143 2500 3201 AEbutiam

314 3257 389 3295 ex
416 3232 720 3292 Aventino
747 3236 953 3289 nosset
972 3231 1001 3291 P
1023 3230 1038 3255 '
1104 3231 1307 3305 Quum
1332 3254 1465 3292 eam
1493 3254 1668 3294 nosse
1697 3237 1944 3312 probam
1974 3240 2037 3293 et
2061 3236 2296 3313 antiqui
2320 3238 2505 3295 moris

314 3328 620 3397 feminam,
691 3324 1129 3401 respondisset3
1202 3329 1387 3402 ‘opus
1440 3347 1568 3385 esse
1624 3327 1738 3385 sibi
1786 3327 1856 3385 ea
1909 3330 2204 3386 conventa
2225 3329 2238 3352 '
2310 3329 2500 3388 dixit:

315 3426 330 3452 ‘
352 3421 623 3479 mitteret
674 3417 963 3475 nuntium
1017 3417 1095 3475 ad
1162 3436 1311 3489 eam,
1366 3423 1438 3476 ut
1490 3420 1763 3478 veniret.’
1870 3419 2128 3477 AEbutia
2179 3421 2374 3479 accita
2427 3421 2507 3479 ad

320 3513 649 3591 Sulpiciam
679 3509 877 3581 venit3
919 3516 982 3568 et
1010 3511 1219 3569 consul
1249 3512 1450 3587 paullo
1477 3516 1634 3589 post,
1663 3512 1835 3571 velut
1859 3512 2017 3572 forte
2057 3514 2503 3584 intervenisset,

317 3624 652 3665 sermonem
692 3602 768 3660 de
794 3602 1067 3674 AEbutio,
1093 3603 1299 3661 fratris
1329 3604 1462 3680 ejus
1501 3604 1627 3663 filio
1667 3604 1870 3662 infert.
1950 3604 2242 3663 Lacrimae
2269 3606 2509 3665 mulieri

317 3700 555 3769 obortae‚
585 3701 648 3756 et
686 3694 959 3754 miserari
998 3715 1204 3754 casum
1247 3697 1640 3756 adolescentis
1681 3696 1883 3775 coepit,
1909 3697 2017 3774 qui
2057 3698 2348 3775 spoliatus
2390 3698 2508 3757 for-

318 3792 503 3863 tunis„
532 3810 571 3849 a
598 3788 819 3867 quibus
861 3787 1107 3847 minime
1149 3795 1469 3867 oporteret,
1500 3788 1663 3867 apud
1705 3808 1768 3847 se
1808 3792 1957 3846 tunc
1997 3794 2172 3862 esset,
2203 3791 2427 3867 ejectus
2469 3810 2507 3848 a
