2744 4138
1244 194 1398 238 mm·
1444 193 1490 237 1.
2424 176 2464 231 3

264 346 416 413 tum,
460 342 789 402 abhorrens
829 343 907 402 ab
942 344 1187 402 auribus
1218 343 1404 420 vulgi,
1434 342 1776 412 obscurum,
1813 340 2111 418 jejunum,
2148 337 2458 415 ejusmodi,

264 455 388 511 quo
413 435 507 493 uti
534 436 612 493 ad
638 436 860 513 vulgus
888 436 1057 494 nullo
1085 436 1264 493 modo
1292 434 1503 512 possis.
1587 433 1726 492 Alia
1753 433 1914 491 enim
1943 437 2005 490 et
2030 432 2188 490 bona
2216 435 2278 488 et
2306 430 2464 488 mala

268 527 554 586 videntur
598 528 835 599 Stoicis,
866 534 929 586 et
965 528 1178 586 ceteris
1210 528 1480 598 civibus;
1523 527 1640 586 alia
1671 527 1763 584 vis
1791 525 2054 594 honoris,
2093 523 2460 601 ignominiae,

268 619 518 695 praemii,
554 619 867 698 supplicii3
907 639 1047 678 vere
1075 640 1152 678 an
1191 638 1382 691 secuS,
1414 619 1567 676 nihil
1595 619 1673 676 ad
1702 618 1814 676 hoc
1843 624 2116 693 tempus3
2159 615 2282 685 sed,
2312 634 2384 672 ea
2411 615 2466 672 si

270 730 609 787 sequamur,
652 713 880 770 nullam
922 732 1189 790 unquam
1237 732 1364 771 rem
1408 711 1661 770 dicendo
1701 710 1985 788 expedire
2027 709 2462 787 poterimus.—

274 801 403 862 Cm.
436 805 504 862 de
535 803 695 862 Orat.
728 821 817 862 111.
849 803 943 864 18.

1324 995 1436 1054 IV.

390 1137 641 1195 Postero
682 1137 779 1196 die
818 1142 1229 1213 transgressus
1259 1138 1555 1195 Anienem
1583 1137 1894 1195 Hannibal
1935 1136 2000 1194 in
2037 1136 2227 1195 aciem
2255 1153 2461 1192 omnes

268 1231 472 1306 copias
512 1230 737 1288 eduxit.
822 1229 951 1288 Nec
980 1231 1232 1289 Flaccus
1260 1229 1656 1306 consulesque
1699 1236 2002 1288 certamen
2033 1230 2458 1288 detrectavere.

270 1322 596 1382 Instructis
622 1323 926 1400 utrimque
952 1323 1315 1382 exercitibus
1342 1324 1409 1381 in
1436 1323 1568 1400 ejus
1595 1342 1814 1400 pugnae
1843 1342 2064 1393 casum,
2086 1322 2150 1379 in
2172 1321 2292 1399 qua
2319 1321 2462 1377 urbs

272 1416 470 1475 Roma
495 1415 710 1474 victori
750 1416 1065 1494 praemium
1092 1420 1266 1488 esset,
1296 1416 1490 1475 imber
1524 1417 1740 1492 ingens
1779 1415 2075 1493 grandine
2110 1414 2339 1472 mixtus
2375 1413 2464 1470 ita

272 1513 594 1585 utramque
638 1507 829 1566 aciem
875 1508 1165 1579 turbavit,
1204 1513 1277 1566 ut
1322 1509 1428 1567 vix
1475 1509 1656 1566 armis
1699 1507 1954 1566 retentis
1995 1508 2059 1564 in
2097 1511 2297 1567 castra
2335 1524 2463 1564 sese

272 1601 627 1676 receperint,
666 1600 893 1658 nullius
929 1599 1017 1658 rei
1053 1600 1284 1658 minore
1322 1620 1504 1676 quam
1542 1599 1806 1658 hostium
1835 1604 2016 1657 metu.
2101 1599 2184 1656 Et
2224 1603 2462 1675 postero

273 1693 373 1752 die
398 1694 608 1752 eodem
643 1695 775 1752 loco
815 1694 971 1751 acies
1012 1693 1339 1751 instructas
1380 1693 1588 1751 eadem
1626 1696 1953 1769 tempestas
1994 1691 2254 1749 diremit.
2338 1689 2463 1748 Ubi

269 1783 639 1860 recepissent
676 1803 739 1841 se
779 1784 844 1841 in
883 1788 1099 1855 castra,
1139 1782 1294 1840 mira
1334 1783 1630 1841 serenitas
1669 1801 1808 1840 cum
1846 1781 2286 1858 tranquillitate
2314 1780 2464 1838 orie-

269 1874 466 1932 batur.
550 1874 626 1930 In
666 1875 1019 1952 religionem
1060 1894 1130 1932 ea
1170 1893 1264 1930 res
1306 1874 1472 1950 apud
1511 1873 1728 1931 Poenos
1757 1892 1931 1930 versa
1967 1880 2092 1931 est:
2135 1872 2464 1949 auditaque

270 1986 388 2024 vox
414 1965 777 2023 Hannibalis
803 1965 1014 2035 fertur,
1049 1969 1063 1997 ‘
1083 1964 1400 2024 Potiundae
1428 1964 1546 2022 sibi
1570 1965 1736 2022 urbis
1756 1964 1964 2022 Romae
1995 1965 2170 2024 modo
2199 1970 2464 2023 mentem

269 2078 394 2115 non
434 2057 585 2128 dari,
629 2059 807 2116 modo
848 2057 1195 2116 fortunam)
1276 2056 1554 2116 Minuere
1600 2056 1787 2116 etiam
1828 2077 1995 2135 spem
2040 2058 2170 2135 ejus
2209 2061 2272 2116 et
2313 2058 2461 2129 aliae,

273 2170 462 2227 parva
502 2169 856 2227 magnaque,
901 2171 1032 2210 res:
1085 2170 1309 2227 magna
1348 2150 1473 2222 illa,
1511 2151 1688 2227 quod,
1730 2171 1918 2227 quum
1963 2152 2092 2227 ipse
2130 2151 2208 2208 ad
2242 2152 2465 2209 moenia

274 2243 442 2302 urbis
473 2242 680 2300 Romae
705 2250 973 2301 armatus
996 2243 1243 2314 sederet,
1264 2242 1484 2300 milites
1501 2243 1614 2300 sub
1639 2243 1869 2301 vexillis
1888 2243 1954 2300 in
1974 2243 2465 2321 supplementum

274 2334 583 2413 Hispaniae
609 2334 909 2411 profectos
938 2334 1174 2391 audivit
1197 2358 1210 2391 ε
1255 2354 1445 2410 parva
1471 2340 1691 2405 autem,
1723 2335 1884 2410 quod
1917 2354 2021 2410 per
2047 2353 2148 2394 eos
2170 2335 2296 2393 dies
2323 2354 2464 2392 eum

276 2446 490 2505 agrum
530 2426 595 2482 iu
636 2447 755 2505 quo
794 2426 922 2503 ipse
959 2431 1157 2484 castra
1194 2425 1457 2497 haberet,
1488 2420 1738 2497 venisse,
1770 2425 1921 2484 nihil
1956 2426 2035 2484 ob
2060 2426 2126 2484 id
2153 2426 2464 2485 deminuto

274 2519 486 2597 pretio,
506 2519 815 2596 cognitum
836 2538 910 2577 ex
932 2519 1193 2595 quodam
1224 2520 1467 2595 captivo
1493 2523 1606 2576 est.
1690 2518 1768 2576 Id
1795 2506 1937 2577 itero
1963 2518 2112 2577 adeo
2141 2519 2472 2597 superbum„

274 2615 454 2687 atque
481 2609 801 2685 indignum
842 2609 1059 2682 visum,
1094 2610 1223 2686 ejus
1256 2608 1390 2681 soli,
1430 2608 1591 2686 quod
1629 2608 1756 2686 ipse
1795 2609 1951 2667 bello
1993 2613 2237 2686 captum
2275 2611 2467 2688 possi-

276 2701 444 2759 deret
504 2701 883 2777 haberetque,
940 2702 1260 2759 inventum
1322 2701 1531 2759 Romae
1585 2705 1950 2776 emptorem3
2016 2706 2104 2772 ut,
2165 2702 2466 2780 extemplo

275 2798 487 2851 vocato
513 2812 803 2869 praecone,
832 2792 1111 2851 tabernas
1140 2793 1528 2871 argentarias,
1553 2812 1686 2868 quae
1714 2792 1874 2851 circa
1899 2792 2097 2851 forum
2123 2792 2466 2855 Romanum

278 2889 427 2942 tunc
454 2892 667 2955 essent,
696 2885 945 2961 jusserit
973 2884 1446 2955 venire.-—LIVY,
1478 2900 1632 2943 xxv1.
1665 2883 1758 2942 11.

1334 3140 1412 3197 V.

394 3280 685 3353 Primum,
724 3281 925 3359 copias
962 3274 1191 3339 offendi
1230 3282 1312 3340 ibi
1354 3301 1550 3357 neque
1591 3301 1843 3359 magnas
1884 3302 2076 3359 neque
2117 3284 2464 3359 bellicosas3

275 3372 506 3445 deinde,
538 3379 710 3432 extra
746 3374 960 3432 ducem
990 3392 1327 3450 paucosque
1352 3379 1658 3450 praeterea,
1693 3374 1797 3450 (de
1823 3375 2196 3454 principibus
2223 3379 2460 3456 loquor)

272 3466 486 3542 reliqui
525 3466 790 3543 primum
836 3467 902 3523 in
948 3465 1079 3543 ipso
1132 3466 1292 3525 bello
1346 3486 1610 3543 rapaces,
1668 3467 1885 3527 deinde
1937 3468 2002 3526 in
2056 3471 2326 3529 oratione
2377 3473 2468 3529 ita

271 3558 561 3631 crudeles,
615 3564 687 3616 ut
734 3558 933 3636 ipsam
987 3558 1303 3617 victoriam
1350 3559 1693 3619 horrerem:
1749 3560 2079 3620 maximum
2132 3568 2339 3622 autem
2384 3584 2466 3623 oes

272 3650 537 3709 alienum
588 3650 1096 3730 amplissimorum
1147 3651 1437 3709 virorum.
1536 3651 1699 3725 Quid
1747 3654 1962 3729 quaeris
1984 3652 2014 3712 Ρ
2094 3655 2247 3713 nihil
2301 3656 2463 3729 boni,

273 3744 491 3819 praeter
529 3763 789 3803 causam.
876 3742 1023 3816 Quae
1064 3764 1204 3802 cum
1240 3743 1544 3815 vidissem,
1585 3745 1910 3822 desperans
1943 3746 2274 3815 victoriam,
2307 3752 2465 3827 coepi

281 3835 531 3895 suadere
572 3856 795 3914 pacem,
828 3836 1001 3914 cujus
1029 3836 1261 3895 fueram
1298 3856 1536 3913 semper
1570 3844 1814 3897 auctor:
1859 3838 2093 3911 deinde,
2125 3860 2264 3899 cum
2292 3844 2370 3901 ab
2396 3844 2466 3903 ea
2558 3863 2680 3891 Δ-

1336 3946 1368 3979 r
1399 3934 1428 3979 2
