<?xml version="1.0" encoding="UTF-8"?>
<!DOCTYPE html PUBLIC "-//W3C//DTD XHTML 1.0 Transitional//EN"
    "http://www.w3.org/TR/xhtml1/DTD/xhtml1-transitional.dtd">
<html xmlns="http://www.w3.org/1999/xhtml" xml:lang="en" lang="en">
 <head>
  <title>
</title>
<meta http-equiv="Content-Type" content="text/html;charset=utf-8" />
  <meta name='ocr-system' content='tesseract 3.04.00' />
  <meta name='ocr-capabilities' content='ocr_page ocr_carea ocr_par ocr_line ocrx_word'/>
</head>
<body>
  <div class='ocr_page' id='page_1' title='image "./akeytomanuallat00wilkgoog_0077.png"; bbox 0 0 2744 4138; ppageno 0'>
   <div class='ocr_carea' id='block_1_1' title="bbox 268 129 1849 194">
    <p class='ocr_par' dir='ltr' id='par_1_1' title="bbox 268 129 1849 194">
     <span class='ocr_line' id='line_1_1' title="bbox 268 129 1849 194; baseline 0.002 -3"><span class='ocrx_word' id='word_1_1' title='bbox 268 129 364 192; x_wconf 87' lang='grc'>66·</span> <span class='ocrx_word' id='word_1_2' title='bbox 883 147 1010 192; x_wconf 71' lang='lat' dir='ltr'>nx</span> <span class='ocrx_word' id='word_1_3' title='bbox 1054 147 1130 191; x_wconf 77' lang='lat' dir='ltr'>‘ro</span> <span class='ocrx_word' id='word_1_4' title='bbox 1175 147 1297 192; x_wconf 75' lang='lat' dir='ltr'>rm:</span> <span class='ocrx_word' id='word_1_5' title='bbox 1337 147 1521 190; x_wconf 70' lang='lat' dir='ltr'>num</span> <span class='ocrx_word' id='word_1_6' title='bbox 1565 147 1849 194; x_wconf 68' lang='lat' dir='ltr'>uAuuAn.</span> 
     </span>
    </p>
   </div>
   <div class='ocr_carea' id='block_1_2' title="bbox 1123 811 1643 880">
    <p class='ocr_par' dir='ltr' id='par_1_2' title="bbox 1123 811 1643 880">
     <span class='ocr_line' id='line_1_2' title="bbox 1123 811 1643 880; baseline 0.004 -4"><span class='ocrx_word' id='word_1_7' title='bbox 1123 811 1449 878; x_wconf 79' lang='lat' dir='ltr'><strong>PART</strong></span> <span class='ocrx_word' id='word_1_8' title='bbox 1532 813 1643 880; x_wconf 91' lang='lat' dir='ltr'>V.</span> 
     </span>
    </p>
   </div>
   <div class='ocr_carea' id='block_1_3' title="bbox 1182 1007 1575 1068">
    <p class='ocr_par' dir='ltr' id='par_1_3' title="bbox 1182 1007 1575 1068">
     <span class='ocr_line' id='line_1_3' title="bbox 1182 1007 1575 1068; baseline 0.003 -2"><span class='ocrx_word' id='word_1_9' title='bbox 1182 1007 1481 1068; x_wconf 73' lang='lat' dir='ltr'>Exnacisu</span> <span class='ocrx_word' id='word_1_10' title='bbox 1523 1009 1575 1067; x_wconf 91' lang='grc' dir='ltr'>Ι.</span> 
     </span>
    </p>
   </div>
   <div class='ocr_carea' id='block_1_4' title="bbox 237 1111 2483 3888">
    <p class='ocr_par' dir='ltr' id='par_1_4' title="bbox 279 1111 2483 2034">
     <span class='ocr_line' id='line_1_4' title="bbox 281 1111 2481 1220; baseline 0.001 -20"><span class='ocrx_word' id='word_1_11' title='bbox 281 1141 593 1220; x_wconf 63' lang='grc' dir='ltr'>ΤΕΝΕΒΒΑε</span> <span class='ocrx_word' id='word_1_12' title='bbox 627 1139 962 1217; x_wconf 70' lang='lat' dir='ltr'><strong>cogitemus</strong></span> <span class='ocrx_word' id='word_1_13' title='bbox 1000 1111 1220 1210; x_wconf 67' lang='lat' dir='ltr'>tantae,</span> <span class='ocrx_word' id='word_1_14' title='bbox 1253 1144 1495 1215; x_wconf 79' lang='lat' dir='ltr'>quantae</span> <span class='ocrx_word' id='word_1_15' title='bbox 1538 1139 1846 1214; x_wconf 89' lang='lat' dir='ltr'>quondam</span> <span class='ocrx_word' id='word_1_16' title='bbox 1888 1141 2206 1217; x_wconf 83' lang='lat' dir='ltr'>eruptione</span> <span class='ocrx_word' id='word_1_17' title='bbox 2245 1143 2481 1202; x_wconf 81' lang='lat' dir='ltr'>AE&#39;tnae-</span> 
     </span>
     <span class='ocr_line' id='line_1_5' title="bbox 282 1230 2482 1309; baseline 0.001 -17"><span class='ocrx_word' id='word_1_18' title='bbox 282 1253 463 1292; x_wconf 89' lang='lat' dir='ltr'>orum·</span> <span class='ocrx_word' id='word_1_19' title='bbox 485 1231 723 1309; x_wconf 87' lang='lat' dir='ltr'><strong>ignium</strong></span> <span class='ocrx_word' id='word_1_20' title='bbox 749 1230 1036 1289; x_wconf 87' lang='lat' dir='ltr'>finitimas</span> <span class='ocrx_word' id='word_1_21' title='bbox 1076 1230 1354 1307; x_wconf 82' lang='lat' dir='ltr'>regiones</span> <span class='ocrx_word' id='word_1_22' title='bbox 1397 1231 1811 1292; x_wconf 80' lang='lat' dir='ltr'><strong>obscuravisse</strong></span> <span class='ocrx_word' id='word_1_23' title='bbox 1852 1233 2157 1306; x_wconf 80' lang='lat' dir='ltr'>dicuntur,</span> <span class='ocrx_word' id='word_1_24' title='bbox 2186 1241 2259 1294; x_wconf 89' lang='lat' dir='ltr'>ut</span> <span class='ocrx_word' id='word_1_25' title='bbox 2301 1257 2482 1295; x_wconf 90' lang='lat' dir='ltr'>nemo</span> 
     </span>
     <span class='ocr_line' id='line_1_6' title="bbox 281 1323 2478 1400; baseline 0.001 -16"><span class='ocrx_word' id='word_1_26' title='bbox 281 1327 591 1385; x_wconf 87' lang='lat' dir='ltr'>hominem</span> <span class='ocrx_word' id='word_1_27' title='bbox 616 1323 799 1381; x_wconf 86' lang='lat' dir='ltr'>homo</span> <span class='ocrx_word' id='word_1_28' title='bbox 839 1327 1229 1399; x_wconf 80' lang='lat' dir='ltr'>agnosceret3</span> <span class='ocrx_word' id='word_1_29' title='bbox 1271 1342 1412 1380; x_wconf 89' lang='lat' dir='ltr'>cum</span> <span class='ocrx_word' id='word_1_30' title='bbox 1450 1328 1653 1381; x_wconf 88' lang='lat' dir='ltr'>autem</span> <span class='ocrx_word' id='word_1_31' title='bbox 1680 1324 1863 1383; x_wconf 90' lang='lat' dir='ltr'>tertio</span> <span class='ocrx_word' id='word_1_32' title='bbox 1892 1325 1988 1384; x_wconf 91' lang='lat' dir='ltr'>die</span> <span class='ocrx_word' id='word_1_33' title='bbox 2030 1325 2120 1383; x_wconf 91' lang='lat' dir='ltr'>sol</span> <span class='ocrx_word' id='word_1_34' title='bbox 2158 1327 2478 1400; x_wconf 68' lang='lat' dir='ltr'><strong>illuxisset,</strong></span> 
     </span>
     <span class='ocr_line' id='line_1_7' title="bbox 280 1414 2483 1484; baseline 0.002 -8"><span class='ocrx_word' id='word_1_35' title='bbox 280 1424 414 1476; x_wconf 82' lang='lat' dir='ltr'>tum</span> <span class='ocrx_word' id='word_1_36' title='bbox 452 1420 529 1475; x_wconf 88' lang='lat' dir='ltr'>ut</span> <span class='ocrx_word' id='word_1_37' title='bbox 571 1415 864 1474; x_wconf 86' lang='lat' dir='ltr'>revixisse</span> <span class='ocrx_word' id='word_1_38' title='bbox 908 1414 1028 1472; x_wconf 84' lang='lat' dir='ltr'>sibi</span> <span class='ocrx_word' id='word_1_39' title='bbox 1069 1415 1400 1474; x_wconf 86' lang='lat' dir='ltr'>videretur.</span> <span class='ocrx_word' id='word_1_40' title='bbox 1482 1416 1662 1484; x_wconf 86' lang='lat' dir='ltr'>Quod</span> <span class='ocrx_word' id='word_1_41' title='bbox 1711 1416 1763 1474; x_wconf 87' lang='lat' dir='ltr'>si</span> <span class='ocrx_word' id='word_1_42' title='bbox 1791 1417 1906 1476; x_wconf 90' lang='lat' dir='ltr'>hoc</span> <span class='ocrx_word' id='word_1_43' title='bbox 1950 1418 2111 1478; x_wconf 90' lang='lat' dir='ltr'>idem</span> <span class='ocrx_word' id='word_1_44' title='bbox 2152 1439 2226 1478; x_wconf 84' lang='lat' dir='ltr'>ex</span> <span class='ocrx_word' id='word_1_45' title='bbox 2253 1423 2483 1480; x_wconf 82' lang='lat' dir='ltr'>eternis</span> 
     </span>
     <span class='ocr_line' id='line_1_8' title="bbox 279 1501 2481 1590; baseline 0.001 -22"><span class='ocrx_word' id='word_1_46' title='bbox 279 1501 547 1569; x_wconf 85' lang='lat' dir='ltr'>tenebris</span> <span class='ocrx_word' id='word_1_47' title='bbox 575 1506 972 1584; x_wconf 85' lang='lat' dir='ltr'>contingeret,</span> <span class='ocrx_word' id='word_1_48' title='bbox 991 1509 1064 1562; x_wconf 89' lang='lat' dir='ltr'>ut</span> <span class='ocrx_word' id='word_1_49' title='bbox 1079 1505 1284 1565; x_wconf 89' lang='lat' dir='ltr'>subito</span> <span class='ocrx_word' id='word_1_50' title='bbox 1301 1506 1500 1564; x_wconf 89' lang='lat' dir='ltr'>lucem</span> <span class='ocrx_word' id='word_1_51' title='bbox 1516 1508 1939 1585; x_wconf 85' lang='lat' dir='ltr'>aspiceremus,</span> <span class='ocrx_word' id='word_1_52' title='bbox 1956 1529 2234 1588; x_wconf 79' lang='lat' dir='ltr'>quaenam</span> <span class='ocrx_word' id='word_1_53' title='bbox 2251 1514 2481 1590; x_wconf 86' lang='lat' dir='ltr'>species</span> 
     </span>
     <span class='ocr_line' id='line_1_9' title="bbox 279 1597 2483 1676; baseline 0 -14"><span class='ocrx_word' id='word_1_54' title='bbox 279 1603 411 1664; x_wconf 82' lang='lat' dir='ltr'>caeli</span> <span class='ocrx_word' id='word_1_55' title='bbox 451 1599 799 1661; x_wconf 69' lang='lat' dir='ltr'>videretur!</span> <span class='ocrx_word' id='word_1_56' title='bbox 913 1597 1034 1656; x_wconf 88' lang='lat' dir='ltr'>Sed</span> <span class='ocrx_word' id='word_1_57' title='bbox 1087 1599 1443 1657; x_wconf 68' lang='lat' dir='ltr'>assiduitate</span> <span class='ocrx_word' id='word_1_58' title='bbox 1498 1599 1852 1676; x_wconf 67' lang='lat' dir='ltr'>quotidiana</span> <span class='ocrx_word' id='word_1_59' title='bbox 1913 1607 1976 1660; x_wconf 89' lang='lat' dir='ltr'>et</span> <span class='ocrx_word' id='word_1_60' title='bbox 2042 1606 2483 1663; x_wconf 86' lang='lat' dir='ltr'>consuetudine</span> 
     </span>
     <span class='ocr_line' id='line_1_10' title="bbox 281 1691 2482 1772; baseline -0 -17"><span class='ocrx_word' id='word_1_61' title='bbox 281 1698 594 1755; x_wconf 87' lang='lat' dir='ltr'>oculorum</span> <span class='ocrx_word' id='word_1_62' title='bbox 621 1693 991 1750; x_wconf 87' lang='lat' dir='ltr'>adsuescunt</span> <span class='ocrx_word' id='word_1_63' title='bbox 1027 1691 1247 1762; x_wconf 90' lang='lat' dir='ltr'>animi;</span> <span class='ocrx_word' id='word_1_64' title='bbox 1289 1711 1484 1769; x_wconf 89' lang='lat' dir='ltr'>neque</span> <span class='ocrx_word' id='word_1_65' title='bbox 1522 1693 1900 1751; x_wconf 84' lang='lat' dir='ltr'>admirantur</span> <span class='ocrx_word' id='word_1_66' title='bbox 1926 1713 2120 1772; x_wconf 88' lang='lat' dir='ltr'>neque</span> <span class='ocrx_word' id='word_1_67' title='bbox 2160 1697 2482 1772; x_wconf 86' lang='lat' dir='ltr'>requirunt</span> 
     </span>
     <span class='ocr_line' id='line_1_11' title="bbox 281 1783 2479 1862; baseline -0 -16"><span class='ocrx_word' id='word_1_68' title='bbox 281 1789 548 1847; x_wconf 86' lang='lat' dir='ltr'>rationes</span> <span class='ocrx_word' id='word_1_69' title='bbox 576 1805 783 1844; x_wconf 86' lang='lat' dir='ltr'>earum</span> <span class='ocrx_word' id='word_1_70' title='bbox 810 1803 1008 1841; x_wconf 89' lang='lat' dir='ltr'>rerum</span> <span class='ocrx_word' id='word_1_71' title='bbox 1042 1802 1191 1858; x_wconf 85' lang='lat' dir='ltr'>quas</span> <span class='ocrx_word' id='word_1_72' title='bbox 1220 1803 1457 1860; x_wconf 80' lang='lat' dir='ltr'>semper</span> <span class='ocrx_word' id='word_1_73' title='bbox 1483 1783 1697 1843; x_wconf 86' lang='lat' dir='ltr'>vident</span> <span class='ocrx_word' id='word_1_74' title='bbox 1720 1810 1734 1856; x_wconf 93' lang='lat'>;</span> <span class='ocrx_word' id='word_1_75' title='bbox 1766 1786 2217 1862; x_wconf 64' lang='lat' dir='ltr'>proinde0quasi</span> <span class='ocrx_word' id='word_1_76' title='bbox 2237 1791 2479 1848; x_wconf 85' lang='lat' dir='ltr'>novitas</span> 
     </span>
     <span class='ocr_line' id='line_1_12' title="bbox 281 1873 2478 1955; baseline 0 -18"><span class='ocrx_word' id='word_1_77' title='bbox 281 1899 388 1939; x_wconf 89' lang='lat' dir='ltr'>nos</span> <span class='ocrx_word' id='word_1_78' title='bbox 416 1877 614 1955; x_wconf 86' lang='lat' dir='ltr'>magis</span> <span class='ocrx_word' id='word_1_79' title='bbox 641 1896 824 1954; x_wconf 87' lang='lat' dir='ltr'>quam</span> <span class='ocrx_word' id='word_1_80' title='bbox 850 1873 1207 1952; x_wconf 79' lang='lat' dir='ltr'>magnitudo</span> <span class='ocrx_word' id='word_1_81' title='bbox 1234 1895 1437 1932; x_wconf 87' lang='lat' dir='ltr'>rerum</span> <span class='ocrx_word' id='word_1_82' title='bbox 1476 1875 1690 1934; x_wconf 88' lang='lat' dir='ltr'>debeat</span> <span class='ocrx_word' id='word_1_83' title='bbox 1718 1877 1797 1935; x_wconf 87' lang='lat' dir='ltr'>ad</span> <span class='ocrx_word' id='word_1_84' title='bbox 1836 1879 2241 1955; x_wconf 85' lang='lat' dir='ltr'>exquirendas</span> <span class='ocrx_word' id='word_1_85' title='bbox 2266 1899 2478 1940; x_wconf 74' lang='lat' dir='ltr'>causas</span> 
     </span>
     <span class='ocr_line' id='line_1_13' title="bbox 285 1972 1042 2034; baseline -0.011 -4"><span class='ocrx_word' id='word_1_86' title='bbox 285 1972 569 2030; x_wconf 83' lang='lat' dir='ltr'>excitare.</span> <span class='ocrx_word' id='word_1_87' title='bbox 1037 2029 1042 2034; x_wconf 49' lang='grc'><strong>,</strong></span> 
     </span>
    </p>

    <p class='ocr_par' dir='ltr' id='par_1_5' title="bbox 280 2057 2477 3319">
     <span class='ocr_line' id='line_1_14' title="bbox 404 2057 2477 2138; baseline 0.001 -18"><span class='ocrx_word' id='word_1_88' title='bbox 404 2062 555 2137; x_wconf 83' lang='lat' dir='ltr'>Quis</span> <span class='ocrx_word' id='word_1_89' title='bbox 583 2060 744 2119; x_wconf 89' lang='lat' dir='ltr'>enim</span> <span class='ocrx_word' id='word_1_90' title='bbox 783 2059 946 2119; x_wconf 87' lang='lat' dir='ltr'>hunc</span> <span class='ocrx_word' id='word_1_91' title='bbox 985 2057 1295 2119; x_wconf 90' lang='lat' dir='ltr'>hominem</span> <span class='ocrx_word' id='word_1_92' title='bbox 1335 2059 1575 2133; x_wconf 85' lang='lat' dir='ltr'>dixerit,</span> <span class='ocrx_word' id='word_1_93' title='bbox 1606 2062 1730 2138; x_wconf 91' lang='lat' dir='ltr'>qui,</span> <span class='ocrx_word' id='word_1_94' title='bbox 1763 2083 1902 2121; x_wconf 90' lang='lat' dir='ltr'>cum</span> <span class='ocrx_word' id='word_1_95' title='bbox 1944 2067 2071 2121; x_wconf 88' lang='lat' dir='ltr'>tam</span> <span class='ocrx_word' id='word_1_96' title='bbox 2111 2071 2307 2124; x_wconf 87' lang='lat' dir='ltr'>certos</span> <span class='ocrx_word' id='word_1_97' title='bbox 2350 2066 2477 2124; x_wconf 83' lang='lat' dir='ltr'>coeli</span> 
     </span>
     <span class='ocr_line' id='line_1_15' title="bbox 284 2152 2475 2231; baseline 0 -16"><span class='ocrx_word' id='word_1_98' title='bbox 284 2161 502 2228; x_wconf 88' lang='lat' dir='ltr'>motus,</span> <span class='ocrx_word' id='word_1_99' title='bbox 531 2161 656 2212; x_wconf 90' lang='lat' dir='ltr'>tam</span> <span class='ocrx_word' id='word_1_100' title='bbox 693 2157 859 2212; x_wconf 89' lang='lat' dir='ltr'>ratos</span> <span class='ocrx_word' id='word_1_101' title='bbox 900 2157 1201 2211; x_wconf 85' lang='lat' dir='ltr'>astrorum</span> <span class='ocrx_word' id='word_1_102' title='bbox 1243 2152 1503 2225; x_wconf 86' lang='lat' dir='ltr'>ordines,</span> <span class='ocrx_word' id='word_1_103' title='bbox 1534 2158 1777 2231; x_wconf 88' lang='lat' dir='ltr'>tamque</span> <span class='ocrx_word' id='word_1_104' title='bbox 1817 2156 1977 2214; x_wconf 86' lang='lat' dir='ltr'>inter</span> <span class='ocrx_word' id='word_1_105' title='bbox 2004 2177 2068 2214; x_wconf 90' lang='lat' dir='ltr'>se</span> <span class='ocrx_word' id='word_1_106' title='bbox 2093 2157 2299 2217; x_wconf 91' lang='lat' dir='ltr'>omnia</span> <span class='ocrx_word' id='word_1_107' title='bbox 2336 2177 2475 2216; x_wconf 90' lang='lat' dir='ltr'>con-</span> 
     </span>
     <span class='ocr_line' id='line_1_16' title="bbox 283 2243 2477 2325; baseline 0.001 -19"><span class='ocrx_word' id='word_1_108' title='bbox 283 2265 439 2306; x_wconf 86' lang='lat' dir='ltr'>nexa</span> <span class='ocrx_word' id='word_1_109' title='bbox 465 2252 530 2305; x_wconf 90' lang='lat' dir='ltr'>et</span> <span class='ocrx_word' id='word_1_110' title='bbox 555 2249 701 2323; x_wconf 87' lang='lat' dir='ltr'>apta</span> <span class='ocrx_word' id='word_1_111' title='bbox 739 2243 981 2314; x_wconf 84' lang='lat' dir='ltr'>viderit,</span> <span class='ocrx_word' id='word_1_112' title='bbox 1011 2248 1195 2320; x_wconf 89' lang='lat' dir='ltr'>neget</span> <span class='ocrx_word' id='word_1_113' title='bbox 1220 2243 1286 2300; x_wconf 88' lang='lat' dir='ltr'>in</span> <span class='ocrx_word' id='word_1_114' title='bbox 1326 2243 1425 2301; x_wconf 88' lang='lat' dir='ltr'>his</span> <span class='ocrx_word' id='word_1_115' title='bbox 1465 2244 1651 2302; x_wconf 88' lang='lat' dir='ltr'>ullam</span> <span class='ocrx_word' id='word_1_116' title='bbox 1701 2245 1894 2304; x_wconf 88' lang='lat' dir='ltr'>inesse</span> <span class='ocrx_word' id='word_1_117' title='bbox 1942 2248 2258 2321; x_wconf 85' lang='lat' dir='ltr'>rationem,</span> <span class='ocrx_word' id='word_1_118' title='bbox 2288 2268 2477 2325; x_wconf 77' lang='lat' dir='ltr'>eaque</span> 
     </span>
     <span class='ocr_line' id='line_1_17' title="bbox 283 2334 2474 2413; baseline -0.001 -14"><span class='ocrx_word' id='word_1_119' title='bbox 283 2357 426 2399; x_wconf 82' lang='lat' dir='ltr'>casu</span> <span class='ocrx_word' id='word_1_120' title='bbox 452 2337 584 2396; x_wconf 86' lang='lat' dir='ltr'>fieri</span> <span class='ocrx_word' id='word_1_121' title='bbox 610 2336 789 2406; x_wconf 86' lang='lat' dir='ltr'>dicat,</span> <span class='ocrx_word' id='word_1_122' title='bbox 821 2354 956 2411; x_wconf 84' lang='lat' dir='ltr'>quae</span> <span class='ocrx_word' id='word_1_123' title='bbox 998 2338 1226 2409; x_wconf 86' lang='lat' dir='ltr'>quanto</span> <span class='ocrx_word' id='word_1_124' title='bbox 1267 2334 1516 2393; x_wconf 89' lang='lat' dir='ltr'>consilio</span> <span class='ocrx_word' id='word_1_125' title='bbox 1556 2341 1849 2413; x_wconf 74' lang='lat' dir='ltr'>gerantur</span> <span class='ocrx_word' id='word_1_126' title='bbox 1887 2338 2056 2395; x_wconf 91' lang='lat' dir='ltr'>nullo</span> <span class='ocrx_word' id='word_1_127' title='bbox 2085 2340 2333 2397; x_wconf 88' lang='lat' dir='ltr'>consilio</span> <span class='ocrx_word' id='word_1_128' title='bbox 2372 2340 2474 2397; x_wconf 83' lang='lat' dir='ltr'>ad·</span> 
     </span>
     <span class='ocr_line' id='line_1_18' title="bbox 283 2425 2476 2509; baseline 0 -20"><span class='ocrx_word' id='word_1_129' title='bbox 283 2430 456 2508; x_wconf 88' lang='lat' dir='ltr'>sequi</span> <span class='ocrx_word' id='word_1_130' title='bbox 481 2425 850 2509; x_wconf 76' lang='lat' dir='ltr'>possumus?</span> <span class='ocrx_word' id='word_1_131' title='bbox 918 2426 1020 2483; x_wconf 91' lang='lat' dir='ltr'>An</span> <span class='ocrx_word' id='word_1_132' title='bbox 1048 2444 1188 2483; x_wconf 90' lang='lat' dir='ltr'>cum</span> <span class='ocrx_word' id='word_1_133' title='bbox 1213 2426 1661 2486; x_wconf 77' lang='lat' dir='ltr'>machinatione</span> <span class='ocrx_word' id='word_1_134' title='bbox 1687 2428 1950 2504; x_wconf 69' lang='lat' dir='ltr'>quadam</span> <span class='ocrx_word' id='word_1_135' title='bbox 1977 2432 2206 2489; x_wconf 85' lang='lat' dir='ltr'>moveri</span> <span class='ocrx_word' id='word_1_136' title='bbox 2246 2431 2476 2509; x_wconf 83' lang='lat' dir='ltr'>aliquid</span> 
     </span>
     <span class='ocr_line' id='line_1_19' title="bbox 280 2517 2474 2597; baseline 0 -16"><span class='ocrx_word' id='word_1_137' title='bbox 280 2522 575 2593; x_wconf 77' lang='lat' dir='ltr'>videmus,</span> <span class='ocrx_word' id='word_1_138' title='bbox 601 2524 677 2578; x_wconf 89' lang='lat' dir='ltr'>ut</span> <span class='ocrx_word' id='word_1_139' title='bbox 703 2519 1017 2597; x_wconf 80' lang='lat' dir='ltr'>sphoeram,</span> <span class='ocrx_word' id='word_1_140' title='bbox 1047 2521 1120 2574; x_wconf 88' lang='lat' dir='ltr'>ut</span> <span class='ocrx_word' id='word_1_141' title='bbox 1157 2517 1355 2587; x_wconf 81' lang='lat' dir='ltr'>horaS,</span> <span class='ocrx_word' id='word_1_142' title='bbox 1386 2523 1459 2576; x_wconf 88' lang='lat' dir='ltr'>ut</span> <span class='ocrx_word' id='word_1_143' title='bbox 1485 2519 1606 2578; x_wconf 87' lang='lat' dir='ltr'>alia</span> <span class='ocrx_word' id='word_1_144' title='bbox 1628 2520 1946 2597; x_wconf 87' lang='lat' dir='ltr'>permulta,</span> <span class='ocrx_word' id='word_1_145' title='bbox 1977 2542 2098 2580; x_wconf 90' lang='lat' dir='ltr'>non</span> <span class='ocrx_word' id='word_1_146' title='bbox 2126 2524 2474 2583; x_wconf 78' lang='lat' dir='ltr'>dubitamus</span> 
     </span>
     <span class='ocr_line' id='line_1_20' title="bbox 283 2609 2471 2691; baseline 0.001 -19"><span class='ocrx_word' id='word_1_147' title='bbox 283 2614 430 2691; x_wconf 87' lang='lat' dir='ltr'>quin</span> <span class='ocrx_word' id='word_1_148' title='bbox 456 2613 563 2671; x_wconf 87' lang='lat' dir='ltr'>illa</span> <span class='ocrx_word' id='word_1_149' title='bbox 588 2630 769 2690; x_wconf 86' lang='lat' dir='ltr'>opera</span> <span class='ocrx_word' id='word_1_150' title='bbox 795 2610 919 2669; x_wconf 88' lang='lat' dir='ltr'>sint</span> <span class='ocrx_word' id='word_1_151' title='bbox 943 2609 1196 2667; x_wconf 87' lang='lat' dir='ltr'>rationis</span> <span class='ocrx_word' id='word_1_152' title='bbox 1221 2634 1236 2668; x_wconf 75' lang='lat' dir='ltr'>t</span> <span class='ocrx_word' id='word_1_153' title='bbox 1279 2629 1419 2667; x_wconf 90' lang='lat' dir='ltr'>cum</span> <span class='ocrx_word' id='word_1_154' title='bbox 1454 2616 1659 2668; x_wconf 85' lang='lat' dir='ltr'>autem</span> <span class='ocrx_word' id='word_1_155' title='bbox 1697 2611 1992 2689; x_wconf 88' lang='lat' dir='ltr'>impetum</span> <span class='ocrx_word' id='word_1_156' title='bbox 2033 2615 2163 2673; x_wconf 84' lang='lat' dir='ltr'>caeli</span> <span class='ocrx_word' id='word_1_157' title='bbox 2202 2636 2344 2674; x_wconf 90' lang='lat' dir='ltr'>cum</span> <span class='ocrx_word' id='word_1_158' title='bbox 2370 2618 2471 2675; x_wconf 84' lang='lat' dir='ltr'>ad-</span> 
     </span>
     <span class='ocr_line' id='line_1_21' title="bbox 284 2701 2472 2778; baseline 0 -14"><span class='ocrx_word' id='word_1_159' title='bbox 284 2704 547 2764; x_wconf 82' lang='lat' dir='ltr'>mirabili</span> <span class='ocrx_word' id='word_1_160' title='bbox 575 2704 882 2763; x_wconf 87' lang='lat' dir='ltr'>celeritate</span> <span class='ocrx_word' id='word_1_161' title='bbox 911 2701 1142 2759; x_wconf 85' lang='lat' dir='ltr'>moveri</span> <span class='ocrx_word' id='word_1_162' title='bbox 1183 2702 1459 2778; x_wconf 84' lang='lat' dir='ltr'>vertique</span> <span class='ocrx_word' id='word_1_163' title='bbox 1485 2702 1779 2774; x_wconf 84' lang='lat' dir='ltr'>videmus,</span> <span class='ocrx_word' id='word_1_164' title='bbox 1809 2708 2294 2766; x_wconf 73' lang='lat' dir='ltr'>constantissime</span> <span class='ocrx_word' id='word_1_165' title='bbox 2334 2728 2472 2767; x_wconf 87' lang='lat' dir='ltr'>con-</span> 
     </span>
     <span class='ocr_line' id='line_1_22' title="bbox 283 2794 2474 2859; baseline 0 -5"><span class='ocrx_word' id='word_1_166' title='bbox 283 2799 582 2856; x_wconf 88' lang='lat' dir='ltr'>ficientem</span> <span class='ocrx_word' id='word_1_167' title='bbox 610 2794 1055 2854; x_wconf 81' lang='lat' dir='ltr'>vicissitudines</span> <span class='ocrx_word' id='word_1_168' title='bbox 1095 2794 1537 2851; x_wconf 87' lang='lat' dir='ltr'>anniversarias</span> <span class='ocrx_word' id='word_1_169' title='bbox 1563 2814 1704 2852; x_wconf 89' lang='lat' dir='ltr'>cum</span> <span class='ocrx_word' id='word_1_170' title='bbox 1744 2799 1981 2856; x_wconf 69' lang='lat' dir='ltr'>summa</span> <span class='ocrx_word' id='word_1_171' title='bbox 2008 2800 2205 2857; x_wconf 90' lang='lat' dir='ltr'>salute</span> <span class='ocrx_word' id='word_1_172' title='bbox 2246 2805 2308 2859; x_wconf 88' lang='lat' dir='ltr'>et</span> <span class='ocrx_word' id='word_1_173' title='bbox 2336 2821 2474 2858; x_wconf 86' lang='lat' dir='ltr'>con.</span> 
     </span>
     <span class='ocr_line' id='line_1_23' title="bbox 281 2886 2476 2962; baseline 0.002 -15"><span class='ocrx_word' id='word_1_174' title='bbox 281 2889 618 2947; x_wconf 85' lang='lat' dir='ltr'>servatione</span> <span class='ocrx_word' id='word_1_175' title='bbox 643 2908 848 2946; x_wconf 90' lang='lat' dir='ltr'>rerum</span> <span class='ocrx_word' id='word_1_176' title='bbox 875 2886 1162 2955; x_wconf 92' lang='lat' dir='ltr'>omnium,</span> <span class='ocrx_word' id='word_1_177' title='bbox 1193 2886 1543 2943; x_wconf 87' lang='lat' dir='ltr'>dubitamus</span> <span class='ocrx_word' id='word_1_178' title='bbox 1574 2887 1721 2962; x_wconf 89' lang='lat' dir='ltr'>quin</span> <span class='ocrx_word' id='word_1_179' title='bbox 1758 2906 1829 2945; x_wconf 87' lang='lat' dir='ltr'>ea</span> <span class='ocrx_word' id='word_1_180' title='bbox 1856 2909 1979 2946; x_wconf 91' lang='lat' dir='ltr'>non</span> <span class='ocrx_word' id='word_1_181' title='bbox 2009 2892 2203 2949; x_wconf 83' lang='lat' dir='ltr'>solum</span> <span class='ocrx_word' id='word_1_182' title='bbox 2242 2894 2476 2953; x_wconf 83' lang='lat' dir='ltr'>ratione</span> 
     </span>
     <span class='ocr_line' id='line_1_24' title="bbox 285 2976 2474 3062; baseline 0.001 -23"><span class='ocrx_word' id='word_1_183' title='bbox 285 2983 450 3054; x_wconf 87' lang='lat' dir='ltr'>fiant,</span> <span class='ocrx_word' id='word_1_184' title='bbox 481 2980 590 3038; x_wconf 89' lang='lat' dir='ltr'>sed</span> <span class='ocrx_word' id='word_1_185' title='bbox 614 2980 798 3037; x_wconf 86' lang='lat' dir='ltr'>etiam</span> <span class='ocrx_word' id='word_1_186' title='bbox 839 2977 1158 3036; x_wconf 85' lang='lat' dir='ltr'>excellenti</span> <span class='ocrx_word' id='word_1_187' title='bbox 1200 2976 1523 3053; x_wconf 62' lang='lat' dir='ltr'>divinaque</span> <span class='ocrx_word' id='word_1_188' title='bbox 1562 2978 1847 3039; x_wconf 77' lang='lat' dir='ltr'>ratione?</span> <span class='ocrx_word' id='word_1_189' title='bbox 1930 2981 2102 3040; x_wconf 87' lang='lat' dir='ltr'>Licet</span> <span class='ocrx_word' id='word_1_190' title='bbox 2130 2985 2291 3043; x_wconf 90' lang='lat' dir='ltr'>enim</span> <span class='ocrx_word' id='word_1_191' title='bbox 2329 2986 2474 3062; x_wconf 84' lang='lat' dir='ltr'>jam,</span> 
     </span>
     <span class='ocr_line' id='line_1_25' title="bbox 283 3069 2475 3153; baseline 0.001 -22"><span class='ocrx_word' id='word_1_192' title='bbox 283 3071 507 3131; x_wconf 60' lang='lat' dir='ltr'>remota</span> <span class='ocrx_word' id='word_1_193' title='bbox 541 3071 882 3131; x_wconf 88' lang='lat' dir='ltr'>subtilitate</span> <span class='ocrx_word' id='word_1_194' title='bbox 922 3069 1290 3145; x_wconf 89' lang='lat' dir='ltr'>disputandi,</span> <span class='ocrx_word' id='word_1_195' title='bbox 1320 3069 1511 3127; x_wconf 89' lang='lat' dir='ltr'>oculis</span> <span class='ocrx_word' id='word_1_196' title='bbox 1550 3072 1816 3147; x_wconf 88' lang='lat' dir='ltr'>quodam</span> <span class='ocrx_word' id='word_1_197' title='bbox 1854 3074 2034 3133; x_wconf 90' lang='lat' dir='ltr'>modo</span> <span class='ocrx_word' id='word_1_198' title='bbox 2076 3078 2475 3153; x_wconf 86' lang='lat' dir='ltr'>contemplari</span> 
     </span>
     <span class='ocr_line' id='line_1_26' title="bbox 282 3160 2473 3243; baseline 0.001 -20"><span class='ocrx_word' id='word_1_199' title='bbox 282 3162 795 3243; x_wconf 85' lang='lat' dir='ltr'>pulchritudinem</span> <span class='ocrx_word' id='word_1_200' title='bbox 837 3180 1042 3219; x_wconf 88' lang='lat' dir='ltr'>rerum</span> <span class='ocrx_word' id='word_1_201' title='bbox 1090 3179 1318 3232; x_wconf 86' lang='lat' dir='ltr'>earum,</span> <span class='ocrx_word' id='word_1_202' title='bbox 1347 3180 1498 3235; x_wconf 86' lang='lat' dir='ltr'>quas</span> <span class='ocrx_word' id='word_1_203' title='bbox 1542 3160 1750 3220; x_wconf 62' lang='lat' dir='ltr'>divina</span> <span class='ocrx_word' id='word_1_204' title='bbox 1792 3164 2173 3240; x_wconf 68' lang='lat' dir='ltr'>providentia</span> <span class='ocrx_word' id='word_1_205' title='bbox 2217 3166 2473 3226; x_wconf 81' lang='lat' dir='ltr'>dicimus</span> 
     </span>
     <span class='ocr_line' id='line_1_27' title="bbox 282 3260 664 3319; baseline -0.01 0"><span class='ocrx_word' id='word_1_206' title='bbox 282 3260 664 3319; x_wconf 89' lang='lat' dir='ltr'>constitutas.</span> 
     </span>
    </p>

    <p class='ocr_par' dir='ltr' id='par_1_6' title="bbox 237 3346 2474 3888">
     <span class='ocr_line' id='line_1_28' title="bbox 401 3346 2473 3428; baseline 0.003 -19"><span class='ocrx_word' id='word_1_207' title='bbox 401 3352 495 3409; x_wconf 90' lang='lat' dir='ltr'>Ac</span> <span class='ocrx_word' id='word_1_208' title='bbox 533 3348 828 3428; x_wconf 88' lang='lat' dir='ltr'>principio</span> <span class='ocrx_word' id='word_1_209' title='bbox 877 3350 1041 3406; x_wconf 85' lang='lat' dir='ltr'>terra</span> <span class='ocrx_word' id='word_1_210' title='bbox 1086 3346 1375 3405; x_wconf 87' lang='lat' dir='ltr'>universa</span> <span class='ocrx_word' id='word_1_211' title='bbox 1418 3354 1717 3421; x_wconf 87' lang='lat' dir='ltr'>cernatur,</span> <span class='ocrx_word' id='word_1_212' title='bbox 1747 3350 1946 3410; x_wconf 86' lang='lat' dir='ltr'>locata</span> <span class='ocrx_word' id='word_1_213' title='bbox 1982 3352 2046 3410; x_wconf 91' lang='lat' dir='ltr'>in</span> <span class='ocrx_word' id='word_1_214' title='bbox 2092 3354 2289 3413; x_wconf 62' lang='lat' dir='ltr'>media</span> <span class='ocrx_word' id='word_1_215' title='bbox 2330 3356 2473 3416; x_wconf 87' lang='lat' dir='ltr'>sede</span> 
     </span>
     <span class='ocr_line' id='line_1_29' title="bbox 284 3438 2474 3517; baseline 0.002 -15"><span class='ocrx_word' id='word_1_216' title='bbox 284 3443 514 3512; x_wconf 88' lang='lat' dir='ltr'>mundi,</span> <span class='ocrx_word' id='word_1_217' title='bbox 534 3441 723 3500; x_wconf 84' lang='lat' dir='ltr'>solida</span> <span class='ocrx_word' id='word_1_218' title='bbox 748 3444 811 3499; x_wconf 87' lang='lat' dir='ltr'>et</span> <span class='ocrx_word' id='word_1_219' title='bbox 835 3438 1084 3517; x_wconf 86' lang='lat' dir='ltr'>globosa</span> <span class='ocrx_word' id='word_1_220' title='bbox 1111 3441 1174 3495; x_wconf 89' lang='lat' dir='ltr'>et</span> <span class='ocrx_word' id='word_1_221' title='bbox 1199 3438 1471 3514; x_wconf 89' lang='lat' dir='ltr'>undique</span> <span class='ocrx_word' id='word_1_222' title='bbox 1496 3438 1631 3515; x_wconf 87' lang='lat' dir='ltr'>ipsa</span> <span class='ocrx_word' id='word_1_223' title='bbox 1656 3440 1723 3498; x_wconf 91' lang='lat' dir='ltr'>in</span> <span class='ocrx_word' id='word_1_224' title='bbox 1750 3461 1880 3499; x_wconf 89' lang='lat' dir='ltr'>sese</span> <span class='ocrx_word' id='word_1_225' title='bbox 1899 3444 2148 3503; x_wconf 89' lang='lat' dir='ltr'>nutibus</span> <span class='ocrx_word' id='word_1_226' title='bbox 2177 3447 2302 3503; x_wconf 90' lang='lat' dir='ltr'>suis</span> <span class='ocrx_word' id='word_1_227' title='bbox 2330 3466 2474 3505; x_wconf 89' lang='lat' dir='ltr'>con-</span> 
     </span>
     <span class='ocr_line' id='line_1_30' title="bbox 284 3529 2473 3616; baseline 0.002 -22"><span class='ocrx_word' id='word_1_228' title='bbox 284 3538 543 3616; x_wconf 86' lang='lat' dir='ltr'>globata,</span> <span class='ocrx_word' id='word_1_229' title='bbox 571 3534 794 3593; x_wconf 86' lang='lat' dir='ltr'>vestita</span> <span class='ocrx_word' id='word_1_230' title='bbox 831 3530 1097 3603; x_wconf 87' lang='lat' dir='ltr'>floribus,</span> <span class='ocrx_word' id='word_1_231' title='bbox 1126 3529 1346 3603; x_wconf 85' lang='lat' dir='ltr'>herbis,</span> <span class='ocrx_word' id='word_1_232' title='bbox 1375 3532 1703 3605; x_wconf 87' lang='lat' dir='ltr'>arboribus,</span> <span class='ocrx_word' id='word_1_233' title='bbox 1734 3534 2029 3612; x_wconf 78' lang='lat' dir='ltr'>frugibus,</span> <span class='ocrx_word' id='word_1_234' title='bbox 2059 3557 2319 3613; x_wconf 88' lang='lat' dir='ltr'>quorum</span> <span class='ocrx_word' id='word_1_235' title='bbox 2345 3560 2473 3599; x_wconf 90' lang='lat' dir='ltr'>om-</span> 
     </span>
     <span class='ocr_line' id='line_1_31' title="bbox 283 3621 2469 3707; baseline 0.002 -21"><span class='ocrx_word' id='word_1_236' title='bbox 283 3630 456 3687; x_wconf 89' lang='lat' dir='ltr'>nium</span> <span class='ocrx_word' id='word_1_237' title='bbox 507 3624 878 3686; x_wconf 88' lang='lat' dir='ltr'>incredibilis</span> <span class='ocrx_word' id='word_1_238' title='bbox 932 3621 1262 3680; x_wconf 77' lang='lat' dir='ltr'>multitudo</span> <span class='ocrx_word' id='word_1_239' title='bbox 1315 3622 1650 3681; x_wconf 88' lang='lat' dir='ltr'>insatiabili</span> <span class='ocrx_word' id='word_1_240' title='bbox 1701 3626 1994 3686; x_wconf 85' lang='lat' dir='ltr'>varietate</span> <span class='ocrx_word' id='word_1_241' title='bbox 2048 3628 2469 3707; x_wconf 86' lang='lat' dir='ltr'>distinguitur.</span> 
     </span>
     <span class='ocr_line' id='line_1_32' title="bbox 237 3713 2470 3795; baseline 0.001 -17"><span class='ocrx_word' id='word_1_242' title='bbox 237 3722 240 3727; x_wconf 81' lang='grc'><strong>’</strong></span> <span class='ocrx_word' id='word_1_243' title='bbox 280 3720 458 3778; x_wconf 88' lang='lat' dir='ltr'>Adde</span> <span class='ocrx_word' id='word_1_244' title='bbox 484 3717 604 3776; x_wconf 88' lang='lat' dir='ltr'>huc</span> <span class='ocrx_word' id='word_1_245' title='bbox 637 3715 896 3775; x_wconf 88' lang='lat' dir='ltr'>fontium</span> <span class='ocrx_word' id='word_1_246' title='bbox 937 3713 1169 3791; x_wconf 84' lang='lat' dir='ltr'>gelidas</span> <span class='ocrx_word' id='word_1_247' title='bbox 1208 3714 1633 3790; x_wconf 82' lang='lat' dir='ltr'>perennitates,</span> <span class='ocrx_word' id='word_1_248' title='bbox 1663 3714 1924 3792; x_wconf 90' lang='lat' dir='ltr'>liquores</span> <span class='ocrx_word' id='word_1_249' title='bbox 1966 3720 2303 3795; x_wconf 89' lang='lat' dir='ltr'>perlucidos</span> <span class='ocrx_word' id='word_1_250' title='bbox 2344 3740 2470 3781; x_wconf 85' lang='lat' dir='ltr'>am-</span> 
     </span>
     <span class='ocr_line' id='line_1_33' title="bbox 283 3805 2466 3888; baseline -0.001 -18"><span class='ocrx_word' id='word_1_251' title='bbox 283 3813 468 3881; x_wconf 88' lang='lat' dir='ltr'>nium,</span> <span class='ocrx_word' id='word_1_252' title='bbox 498 3811 767 3888; x_wconf 83' lang='lat' dir='ltr'>riparum</span> <span class='ocrx_word' id='word_1_253' title='bbox 803 3807 1057 3868; x_wconf 87' lang='lat' dir='ltr'>vestitus</span> <span class='ocrx_word' id='word_1_254' title='bbox 1090 3805 1501 3880; x_wconf 84' lang='lat' dir='ltr'>viridissimos‚</span> <span class='ocrx_word' id='word_1_255' title='bbox 1534 3809 1954 3885; x_wconf 81' lang='lat' dir='ltr'>speluncarum</span> <span class='ocrx_word' id='word_1_256' title='bbox 1995 3830 2289 3872; x_wconf 83' lang='lat' dir='ltr'>concavas</span> <span class='ocrx_word' id='word_1_257' title='bbox 2329 3816 2466 3873; x_wconf 85' lang='lat' dir='ltr'>alti-</span> 
     </span>
    </p>
   </div>
  </div>
 </body>
</html>
