2744 4138
1218 156 1375 202 mar
1418 155 1505 201 lv.
2375 142 2464 204 55

1001 361 1177 422 XIV.
1264 361 1707 440 (Ronnnrson.)

382 508 585 570 Simul
623 526 741 586 pax
780 506 1020 566 firmata
1062 510 1126 566 et
1168 506 1502 566 discessum
1544 509 1638 566 est
1680 525 1717 564 a
1761 504 1951 564 Gallis
1993 505 2068 566 de
2103 504 2448 580 Caledonia,

260 601 513 678 perinde
538 600 687 678 ipsis
714 596 1054 658 volentibus
1080 617 1151 656 ac
1178 597 1432 660 civibus.
1478 595 1818 657 Caledoniis
1846 597 2008 656 enim
2034 598 2202 658 brevi
2227 600 2449 676 patuit,

261 712 385 752 non
438 694 567 752 sine
618 709 729 750 suo
782 690 1049 768 periculo
1102 695 1347 768 gentem
1389 690 1790 768 potentiorem
1837 689 2220 768 appellitasse
2272 710 2336 750 se
2387 691 2454 752 in

258 783 598 846 auxilium:
643 781 749 840 ‘id
784 800 1031 859 prorsus
1072 781 1450 840 intolerabile
1474 781 1581 858 qui
1619 780 1700 839 sd
1728 782 2021 839 tuendum
2059 801 2320 860 regnum
2346 782 2452 840 ad-

259 875 424 935 vecti
464 877 681 947 essent,
712 873 955 932 eosdem
987 873 1116 950 jam
1155 872 1359 951 ipsum
1398 872 1723 950 imperium
1760 873 2075 933 affectare:
2121 893 2252 934 esse
2291 875 2456 951 quod

258 969 560 1047 poeniteat
586 973 715 1027 tam
743 971 969 1024 temere
996 985 1060 1024 se
1087 964 1455 1024 adscivisse.’

381 1061 578 1119 Auxit
615 1057 909 1117 invidiam
952 1056 1144 1118 Gallis
1184 1058 1432 1134 propria
1471 1056 1719 1130 indoles,
1761 1062 1834 1116 ut
1876 1056 2189 1119 Caledonii
2231 1060 2454 1138 jugum

258 1152 517 1211 vixdum
564 1150 800 1229 experti
850 1169 1069 1208 exuere
1121 1155 1363 1228 paratos
1410 1168 1542 1208 sese
1596 1156 1985 1209 ostentarent..
2085 1149 2247 1211 Galli
2290 1153 2453 1211 enim

255 1244 422 1304 sicut
446 1243 627 1303 hodie
652 1245 743 1302 ita
765 1243 830 1301 id
857 1243 1055 1302 aetatis
1079 1242 1243 1300 inter
1267 1241 1712 1301 excultissimos
1737 1262 1846 1319 per
1866 1243 2176 1321 Europam
2201 1246 2455 1322 populos

257 1338 612 1398 existimati.
722 1335 1086 1413 Quanquam
1137 1335 1204 1394 id
1269 1335 1606 1394 notandum
1660 1335 1920 1409 videtur,
1977 1337 2450 1416 quotiescunque

259 1430 581 1490 militando
616 1428 987 1507 peregrinati
1024 1428 1271 1499 fuerint,
1313 1427 1441 1486 sive
1483 1427 1953 1504 septentrionem
1992 1448 2100 1488 seu
2141 1429 2452 1488 meridiem

262 1541 496 1594 versus,
525 1521 793 1598 ipsorum
834 1539 1030 1579 mores
1057 1521 1134 1578 ab
1172 1520 1389 1580 alienis
1416 1521 1676 1580 immane
1714 1525 2012 1598 quantum
2051 1521 2450 1583 abhorruisse.

260 1614 428 1673 Nam
452 1620 525 1675 ut
564 1613 805 1673 barbari
845 1633 957 1672 sua
995 1612 1282 1672 instituta
1320 1613 1701 1673 tenacissime
1737 1614 2207 1691 amplectuntur,
2236 1615 2454 1693 quibus

260 1726 463 1784 neque
497 1705 717 1786 peritia
760 1705 841 1764 sd
876 1705 1336 1784 dijudicandum
1383 1724 1568 1783 quam
1608 1725 1890 1784 congruae
1925 1725 1998 1764 ac
2041 1713 2454 1766 consentaneae

262 1798 487 1857 rationi
514 1798 642 1858 sint
666 1797 923 1856 aliorum
963 1795 1446 1867 consuetudines,
1476 1815 1672 1874 neque
1704 1796 1923 1874 judicii
1961 1797 2264 1875 elegantia
2287 1797 2451 1856 suffi-

262 1891 405 1962 ciat,
434 1890 525 1949 ita
560 1889 781 1967 quibus
820 1888 888 1946 in
927 1889 1303 1948 humanitate
1344 1889 1556 1964 primoe
1595 1887 1967 1960 deferuntur,
1997 1890 2130 1966 pari
2170 1890 2350 1950 modo
2389 1909 2454 1949 se

263 1987 488 2060 gerunt
525 1986 770 2059 propter
809 1981 1169 2057 superbiam.
1254 1979 1445 2057 Cujus
1473 1979 1719 2056 quidem
1757 1978 1864 2051 rei,
1896 1981 1988 2040 uti
2029 1982 2192 2060 apud
2219 1986 2454 2042 veteres

266 2075 483 2147 Graeci,
525 2074 617 2134 ita
653 2073 833 2134 hodie
874 2073 1038 2133 Galli
1064 2074 1493 2132 documentum
1533 2072 1820 2149 praebent.
1905 2073 2047 2133 Toti
2086 2074 2246 2132 enim
2285 2076 2353 2133 in
2392 2094 2456 2135 se

260 2166 559 2239 conversi,
587 2164 783 2226 aliena
808 2166 903 2225 sui
928 2166 1270 2223 imitatione
1297 2165 1602 2236 oblectati,
1625 2184 1852 2241 suaque
1876 2164 2146 2243 ipsorum
2173 2167 2458 2229 instituta

263 2260 439 2337 quasi
463 2278 740 2317 normam
767 2258 1075 2335 quandam
1114 2256 1437 2334 elegantius
1477 2256 1642 2315 soliti
1666 2276 2035 2334 proponere:
2080 2278 2223 2319 suos
2263 2277 2462 2319 mores

264 2352 651 2411 dissimulare
673 2355 785 2409 aut
808 2370 1045 2421 exuere,
1074 2350 1205 2409 sive
1230 2349 1296 2406 in
1334 2349 1602 2409 externis
1629 2349 1860 2426 aliquid
1898 2352 2214 2428 proprium
2241 2353 2456 2413 condo·

264 2465 431 2519 nare,
457 2463 704 2523 prorsus
730 2442 1314 2522 dedignatum-R.
1348 2442 1668 2503 Summo.

1071 2658 1213 2717 XV.
1300 2656 1646 2733 (Horum.)

381 2800 590 2861 Animi
628 2804 833 2859 autem
860 2799 1011 2859 dum
1038 2798 1143 2857 siti
1182 2802 1326 2859 suut
1350 2799 1421 2857 in
1458 2797 1575 2857 hoc
1601 2799 1732 2859 loco
1768 2799 1990 2859 humili
2016 2804 2080 2861 et
2119 2800 2391 2878 proxime
2417 2820 2456 2861 a

264 2893 595 2953 bestiarum
634 2891 765 2952 vita
802 2894 1051 2962 remoto,
1094 2890 1466 2967 gravitatem
1504 2891 1813 2968 quandam
1853 2892 2215 2963 sustineant,
2247 2897 2308 2951 et
2347 2912 2455 2969 per

263 3004 527 3045 crassam
558 2984 731 3062 quasi
759 2982 1111 3041 circumfusi
1139 2982 1296 3041 aeris
1324 2982 1650 3059 caliginem
1689 2983 2046 3043 intueantur
2071 3004 2314 3043 necesse
2341 2989 2452 3055 est,

262 3081 605 3137 concretam
644 3095 678 3134 e
717 3074 961 3153 judiciis
1001 3073 1197 3133 indies
1237 3093 1424 3153 prave
1461 3073 1658 3147 factis,
1697 3080 1762 3135 et
1801 3076 2185 3153 opinionibus
2227 3082 2452 3136 temere

260 3168 589 3246 conceptis,
620 3173 684 3227 et
708 3166 1146 3227 consuetudine
1172 3164 1514 3225 inveterata
1538 3186 1673 3244 quoe
1710 3166 1860 3245 ipsis
1888 3172 1953 3227 et
1978 3167 2366 3246 opinionibus
2392 3174 2454 3227 et

251 3260 505 3339 judiciis
544 3257 651 3319 diu
676 3256 1085 3321 antecesserit.
1168 3255 1302 3331 Qua
1330 3257 1576 3334 quidem
1603 3256 1853 3317 obtenta.
1879 3258 2136 3338 caligine
2163 3260 2262 3319 vel
2288 3278 2452 3319 acer-

262 3353 455 3411 rimus
480 3351 797 3411 oculorum
822 3368 1035 3409 sensus
1062 3348 1358 3427 dispicere
1386 3349 1616 3427 nequit.
1675 3349 1908 3424 Quodsi
1931 3350 2174 3411 insolita
2193 3352 2453 3429 quadam

263 3445 328 3503 vi
354 3464 524 3503 mens
551 3444 709 3503 hanc
730 3443 1037 3519 regionem
1060 3441 1414 3501 nebulosam
1435 3430 1826 3521 superaverit,
1855 3448 1918 3503 st
1937 3443 2260 3503 scintillam
2281 3443 2454 3520 quasi

264 3535 509 3595 luminis
536 3534 797 3614 purioris
822 3534 1164 3610 arripuerit,
1189 3534 1466 3593 celeriter
1486 3538 1693 3593 tamen
1713 3539 1981 3595 retracta
2003 3535 2263 3613 pondere
2283 3535 2452 3594 illius

263 3629 533 3706 corporis
559 3628 659 3689 cui
684 3625 905 3685 natura
929 3626 1255 3704 conjuncta
1282 3630 1394 3697 est,
1423 3625 1704 3706 depressa
1743 3627 2020 3687 subsidit.
2102 3627 2190 3687 At
2214 3628 2268 3687 si
2292 3626 2454 3687 forte
2525 3620 2528 3623 ⁴

264 3721 429 3781 inter
454 3720 731 3780 turbidas
770 3717 961 3779 animi
984 3717 1388 3795 cogitationes
1427 3723 1492 3776 et
1528 3718 1936 3797 cupiditatum
1974 3720 2319 3796 procellam,
2348 3718 2455 3779 ali-

265 3812 510 3889 quando
527 3811 591 3871 in
604 3809 925 3871 sublimius
942 3807 1295 3881 subvolat-it,
1313 3826 1496 3885 quam
1511 3808 1802 3885 citissime
1819 3810 1886 3868 in
1900 3810 2058 3871 hauc
2078 3813 2626 3873 tenebrosam—
2728 3800 2731 3807 ’
