2744 4138
1253 189 1409 235 mu·
1454 190 1543 236 Π.
2411 174 2491 236 61

294 343 536 416 mirere,
577 339 888 419 ingenium
920 339 1068 399 satis
1108 339 1326 409 sterile,
1368 339 1549 398 facile
1588 338 1893 397 adductus
1933 342 2029 396 e'st
2056 340 2127 396 ut
2154 338 2494 411 veritatem,

295 456 485 514 quam
513 434 753 512 penitus
779 433 1086 511 cognitam
1111 431 1342 504 habuit,
1386 436 1762 509 praeponeret
1786 429 2160 488 ornamentis
2200 451 2336 508 quae
2373 433 2495 490 for-

292 535 462 587 tasse
487 547 559 585 eo
585 523 872 583 libentius
911 523 1232 582 contemsit
1267 543 1387 600 quo
1426 541 1490 581 se
1516 523 1591 581 iis
1619 522 2009 598 assequendis
2034 522 2327 602 imparem
2368 543 2498 584 esse

294 616 867 680 intellexit—hus
898 614 1262 677 Comum-on,

1281 879 1530 940 XXIII.

427 1025 742 1086 Hactenus
761 1045 825 1084 se
845 1023 1223 1085 continuerat
1245 1021 1540 1094 Tiberius,
1570 1021 1751 1100 frugi,
1779 1021 1844 1082 in
1864 1021 2192 1084 honoribus
2210 1025 2498 1085 mandan-

306 1119 408 1178 dis
427 1121 650 1197 justus,
678 1118 1044 1195 injustorum
1063 1134 1309 1175 severus
1338 1113 1581 1185 vindex,
1608 1113 1675 1170 in
1701 1115 1924 1192 magna
1950 1116 2240 1175 comitum
2265 1117 2504 1176 luxuria

307 1212 604 1270 modicus.
690 1208 844 1269 Inde
869 1228 906 1266 a
931 1227 1092 1266 nono
1128 1205 1506 1284 principatus
1541 1225 1702 1264 anno
1738 1207 2011 1267 animum
2038 1210 2411 1289 suspicacem
2436 1212 2504 1270 in

310 1303 610 1363 saevitiam
646 1304 1059 1378 erumpentem
1085 1302 1453 1358 notaverunt
1478 1302 1772 1357 auctores.
1856 1299 1993 1359 Jam
2030 1320 2171 1360 cum
2201 1303 2505 1362 neminem

311 1395 601 1454 aemulum
624 1392 873 1451 haberet
900 1410 1080 1468 quem
1114 1394 1431 1460 metueret,
1468 1388 1742 1448 detracta
1773 1390 1945 1466 quasi
1971 1393 2126 1468 pelle
2152 1395 2506 1454 ostendebat

315 1487 514 1565 qualis
577 1503 789 1545 revera
851 1483 1084 1541 fuisset.
1168 1481 1562 1540 Dedidicerat
1628 1481 1858 1542 scilicet
1909 1485 2272 1544 sententiam
2337 1486 2506 1546 illam

316 1579 714 1650 verissimam,
769 1596 903 1655 quae
942 1576 1126 1636 etiam
1165 1575 1232 1633 in
1271 1574 1661 1652 proverbium
1700 1575 1890 1648 venit,
1932 1577 2093 1653 quod
2132 1579 2366 1657 justum
2406 1581 2505 1648 sit,

317 1673 385 1731 id
401 1692 636 1750 semper
656 1689 786 1730 esse
803 1668 971 1727 utile.
1051 1666 1305 1727 Abierat
1331 1667 1389 1725 ei
1414 1667 1480 1724 in
1498 1667 1786 1725 astutiam
1800 1668 2118 1746 judicium,
2148 1671 2214 1729 in
2232 1671 2508 1732 fraudem

319 1767 608 1845 probitas,
634 1765 698 1822 in
719 1762 982 1822 rationes
1003 1761 1375 1839 temporibus
1398 1761 1874 1820 accommodatas
1890 1782 2112 1840 magna
2127 1769 2189 1822 et
2208 1765 2510 1841 profunda

321 1857 587 1917 consilia.
673 1854 894 1915 Omnia
917 1851 998 1913 ad
1031 1852 1463 1930 rempublicam
1500 1852 1869 1929 pertinentia
1902 1853 2358 1932 interpretanda
2392 1857 2511 1917 sibi

323 1951 583 2028 delegit:
627 1968 864 2007 morum
891 1947 1149 2006 colorem
1177 1945 1256 2004 ad
1281 1945 1457 2003 libita
1485 1944 1765 2018 mutavit,
1795 1945 2098 2006 subtiliter
2124 1952 2187 2006 et
2211 1949 2509 2010 malitiose

323 2040 844 2103 comminiscendo.
930 2037 1186 2099 Senatus
1225 2037 1654 2097 auctoritatem
1679 2037 1743 2095 in
1771 2037 1899 2097 dies
1924 2037 2333 2117 imminuebat,
2361 2042 2511 2121 ipsis

323 2136 602 2214 patribus
641 2133 708 2190 in
750 2132 1067 2190 servitium
1113 2129 1260 2189 satis
1301 2129 1525 2207 proniS,
1571 2149 1829 2206 quorum
1872 2131 2329 2208 obsequentium
2370 2155 2509 2195 con—

324 2234 605 2305 temptor,
673 2223 974 2301 obsequiis
1040 2226 1243 2280 tamen
1321 2222 1578 2281 libenter
1644 2220 1975 2281 fruebatur.
2059 2225 2187 2285 Lex
2252 2233 2383 2287 erat
2447 2228 2513 2287 id

252 2396 258 2399 ι
322 2318 612 2397 temporis
639 2336 770 2395 quae
797 2315 910 2375 sub
937 2334 1118 2392 poena
1148 2312 1362 2391 capitis
1405 2314 1650 2372 vetabat
1691 2334 1770 2372 ne
1797 2316 1931 2392 quis
1958 2318 2339 2393 majestatem
2372 2338 2508 2397 pop.

324 2412 496 2469 Rom.
525 2408 784 2468 laederet.
865 2405 1071 2483 Hujus
1097 2404 1394 2482 interpres
1421 2409 1486 2462 et
1511 2405 1733 2464 vindex
1761 2405 1850 2464 ita
1876 2408 2114 2466 exstitit
2140 2408 2415 2467 Tiberius
2441 2413 2513 2467 ut

325 2523 458 2562 eam
497 2500 810 2561 adhiberet
847 2517 966 2555 non
1008 2501 1250 2555 tantum
1290 2496 1344 2556 si
1385 2497 1625 2573 quando
1663 2517 1760 2556 res
1801 2498 2043 2575 publica
2084 2500 2149 2557 iu
2190 2500 2512 2559 discrimen

325 2594 588 2653 adducta
643 2594 817 2660 esset,
874 2589 978 2648 sed
1047 2589 1522 2666 quotiescunque
1587 2588 1725 2647 odio
1779 2593 1843 2647 et
1897 2590 2220 2668 suspicioni
2265 2592 2514 2650 daretur
2582 2640 2587 2645 .

324 2686 574 2745 occasio,
657 2682 839 2741 Nulla
869 2680 1009 2739 inde
1037 2679 1414 2758 colloquendi
1434 2680 1697 2752 libertas,
1727 2679 1894 2739 nulla
1923 2686 2317 2759 cognatorum
2345 2683 2511 2743 fides.

325 2780 567 2838 Tetrica
618 2776 722 2833 illa
773 2772 1171 2833 dissimulatio
1211 2790 1332 2848 qua
1370 2772 1655 2829 utebatur
1693 2771 1969 2851 princeps
2011 2778 2237 2833 ceteros
2278 2795 2516 2854 quoque

325 2871 582 2929 invasit:
628 2867 957 2926 amicorum
1001 2863 1288 2945 sedulitas
1321 2884 1432 2940 pro
1465 2862 1885 2922 insidiantium
1924 2864 2247 2939 blanditiis,
2286 2868 2517 2928 lumina

326 2961 558 3040 ingenii
611 2978 720 3038 pro
772 2956 1088 3035 splendida
1140 2954 1401 3032 quadam
1452 2954 1861 3033 imprudentia
1912 2956 2121 3017 habita
2173 2965 2355 3033 sunt3
2423 2962 2513 3020 in-

327 3052 746 3113 commodabat
786 3050 967 3109 etiam
1006 3047 1222 3117 virtus,
1264 3044 1690 3122 intempestiva
1730 3046 2119 3108 fortunarum
2158 3052 2515 3111 amissarum

328 3143 879 3208 memoria—som
907 3142 1269 3203 Comum-ou.

1083 3396 1324 3457 XXIV.
1414 3394 1754 3473 (Honmm.)

451 3548 658 3627 Longe
673 3544 793 3605 alia
809 3546 940 3601 erat
958 3539 1233 3617 equitum
1252 3537 1569 3597 sententia.
1656 3536 1735 3597 Se
1742 3538 1872 3613 jam
1888 3536 2311 3617 duodeviginti
2328 3561 2517 3603 annos

331 3665 442 3723 per
465 3659 753 3723 prospera
778 3642 842 3697 et
866 3635 1120 3695 adversa
1145 3652 1183 3691 a
1207 3631 1392 3709 regiis
1417 3631 1691 3709 partibus
1719 3631 1975 3690 stetisse.
2061 3631 2392 3712 Indignum
2420 3656 2522 3697 θος

335 3738 444 3815 qui
483 3736 646 3797 victo
685 3731 816 3811 regi
852 3728 1161 3789 affuissent
1192 3724 1413 3784 victori
1444 3745 1567 3783 non
1594 3723 1819 3797 adesse,
1854 3724 2027 3801 quasi
2066 3745 2189 3785 non
2226 3728 2523 3790 distarent

334 3830 413 3889 ab
441 3828 576 3887 istis
601 3820 904 3885 seditiosis
932 3818 1036 3898 qui
1065 3821 1275 3878 contra
1305 3817 1542 3895 justum
1578 3815 1891 3875 dominum
1919 3817 2310 3895 pugnassent,
2349 3842 2522 3901 reges
