2744 4138
1208 163 1364 210 mm·
1407 163 1494 209 1v.
2362 151 2447 210 53

226 309 455 370 vires:
499 309 785 371 sedebant
826 309 999 370 siccis
1039 310 1229 370 oculis
1267 330 1543 370 amarum
1582 310 1884 372 ridentes:
1924 310 2282 372 invidebant
2313 313 2446 392 jam

235 402 512 460 mortuis
539 402 745 479 paullo
771 401 1112 462 validiores.
1192 402 1423 462 Multos
1449 403 1791 481 accepimus
1818 403 2114 482 templum
2138 403 2448 464 intuentes

236 495 612 572 exspirasse.
691 493 956 553 Vastum
994 498 1126 553 tota
1161 495 1312 554 urbe
1352 495 1681 567 silentium,
1724 494 2203 572 irrumpentibus
2240 501 2449 556 tamen

237 585 468 645 domos
509 585 802 644 militibus
840 587 1058 664 proedae
1101 585 1312 645 caussa
1357 591 1422 644 et
1468 586 1769 646 velamina
1807 592 2203 646 ‚mortuorum
2249 588 2447 648 detra-

237 677 542 736 hentibus
594 677 755 738 foedo
808 678 1090 751 ludibrio,
1146 682 1256 737 aut
1307 679 1500 738 aciem
1564 679 1826 738 telorum
1879 679 1978 739 vel
2041 680 2108 738 in
2161 680 2449 740 cadavere

237 769 723 847 experientibus.
833 769 1100 848 Corpora
1166 776 1335 830 metu
1406 771 1639 830 foetoris
1699 771 1895 849 primo
1948 775 2201 850 sumptu
2252 771 2450 830 aerarii

237 861 499 940 sepeliri
515 862 865 941 jusserunt:
907 882 1050 921 mox
1075 861 1493 940 frequentiora
1520 863 1595 922 de
1620 865 1811 922 muris
1837 864 1901 922 in
1927 864 2114 923 valles
2140 863 2335 940 dejici.

1745 956 1915 1014 Jorm
1958 955 2325 1016 Conmeron.

1077 1182 1195 1243 XI.
1282 1182 1625 1261 (Honmm.)

377 1321 710 1383 Certiorem
735 1327 798 1382 te
821 1343 1020 1401 nuper
1056 1322 1175 1383 feci
1215 1343 1312 1384 me
1351 1325 1431 1383 ad
1459 1325 1691 1402 Regem
1729 1324 2010 1384 retulisse
2036 1328 2101 1383 te
2127 1322 2446 1404 accepisse,

245 1417 416 1478 sieut
440 1415 520 1475 ad
545 1435 643 1474 me
670 1416 1030 1493 scripsisses,
1058 1416 1284 1475 librum
1322 1437 1504 1495 quem
1543 1417 1672 1494 ipse
1711 1436 1821 1495 pro
1860 1415 2031 1495 regia
2068 1417 2449 1495 benignitate

245 1509 372 1570 tibi
417 1509 698 1568 misisset.
781 1508 972 1586 Spero
1019 1509 1279 1568 alterum
1321 1511 1509 1569 etiam
1548 1515 1687 1587 post
1733 1529 2064 1588 perpaucos
2106 1529 2343 1569 menses
2381 1509 2449 1567 in

246 1621 474 1661 manus
513 1607 650 1661 tuas
690 1597 1041 1674 venturum.
1077 1601 1183 1679 qui
1235 1621 1332 1661 res
1380 1622 1569 1679 usque
1621 1602 1700 1660 ad
1753 1601 2013 1659 Mariam
2064 1600 2450 1660 interfectam

250 1698 462 1772 gestas
488 1693 812 1753 contineat.
897 1691 1076 1766 Quod
1114 1697 1178 1751 et
1217 1713 1325 1752 rex
1366 1699 1429 1751 te
1458 1694 1613 1752 scire
1640 1693 1851 1764 voluit,
1881 1697 1945 1750 et
1972 1691 2268 1751 Lucceius
2295 1692 2446 1769 ipse,

249 1785 526 1845 historiae
543 1786 818 1862 scriptor,
838 1785 1162 1843 affirmavit
1177 1805 1309 1844 eam
1325 1785 1525 1862 operis
1543 1788 1777 1863 partem
1795 1804 1961 1861 poene
1987 1784 2066 1842 ad
2095 1785 2451 1844 umbilicum

249 1879 586 1938 adductam
633 1899 780 1938 esse.
865 1877 1020 1937 Cum
1064 1897 1202 1936 vero
1249 1879 1550 1956 acceperis
1578 1877 1781 1936 omnia
1808 1897 1943 1954 quae
1976 1877 2053 1935 ab
2084 1876 2310 1952 Angli&
2348 1896 2449 1936 ex-

253 1970 518 2049 spectari
544 1975 821 2049 possunt,
849 1970 945 2028 tui
977 1972 1109 2048 jam
1136 1971 1251 2029 erit
1277 1971 1367 2029 ita
1394 1990 1521 2028 rem
1549 1975 1812 2029 tractare
1837 1975 1910 2027 ut
1949 1988 2145 2046 neque
2178 1969 2450 2029 veritatis

249 2064 557 2143 jacturam
597 2061 786 2122 facias
827 2066 888 2121 et
941 2068 1147 2122 tamen
1203 2061 1487 2121 ostendas
1540 2065 1603 2121 te
1655 2061 1814 2121 tanti
1868 2061 2029 2138 regis
2069 2060 2451 2138 aliquantum

253 2154 683 2214 studiosiorem
705 2180 710 2187 ·
733 2154 939 2214 fuisse.
1023 2154 1162 2232 Ipse
1208 2154 1360 2211 mihi
1401 2153 1583 2213 semel
1631 2159 1816 2231 atque
1860 2153 2082 2217 iterum
2128 2153 2453 2213 affirmavit

252 2266 322 2307 se
363 2266 488 2305 non
531 2265 852 2322 passurum
891 2266 1020 2305 esse
1061 2252 1133 2304 ut
1172 2246 1505 2323 quidquam
1548 2245 1662 2303 tibi
1708 2246 1852 2305 hino
1895 2245 2237 2304 mitteretur
2276 2245 2451 2322 cujus

253 2338 440 2397 fidem
492 2358 616 2397 non
655 2359 732 2397 ex
785 2338 951 2397 omni
1005 2343 1176 2413 parte
1217 2336 1364 2396 satis
1418 2338 1789 2415 exploratam
1843 2338 2169 2397 habuisset.
2250 2337 2451 2396 Teneo

255 2428 501 2507 quidem
543 2449 676 2506 quoe
714 2448 906 2507 nuper
931 2428 1311 2487 familiariter
1337 2428 1652 2503 scribebaS,
1672 2424 1675 2429 ’
1694 2424 1889 2506 neque
1914 2428 2126 2486 dubito
2165 2426 2281 2487 tibi
2315 2427 2453 2504 plus

256 2540 430 2598 aequo
458 2522 695 2599 negotii
720 2522 851 2581 fore
877 2526 951 2580 ut
976 2523 1192 2599 pietati
1219 2521 1330 2579 filii
1358 2522 1710 2581 satisfacias.
1778 2521 1982 2580 Facile
2007 2525 2229 2594 autem,
2248 2538 2369 2596 quo
2388 2539 2455 2578 es

246 2612 504 2693 judicio,
531 2614 823 2687 invenies,
853 2614 1012 2691 quod
1043 2616 1236 2687 aiunt,
1267 2615 1326 2672 ὲκ
1351 2618 1462 2673 τῶν
1488 2613 1709 2691 ἀπόρων
1732 2612 1923 2688 πόρον.

1750 2704 1916 2763 Jonn
1958 2702 2328 2764 Comum-on,

1065 2918 1213 2977 XII.
1300 2917 1639 2996 (Honnnn.)

381 3062 711 3142 Indignum
751 3081 914 3135 sane,
955 3082 1071 3136 me,
1121 3062 1266 3139 quia
1307 3060 1577 3138 epistolae
1628 3079 1776 3120 meae
1822 3080 1945 3119 non
1999 3064 2145 3120 sunt
2184 3060 2450 3139 perlatae,

258 3155 486 3215 ideireo
512 3175 716 3214 carere
741 3154 883 3226 tuis,
913 3174 1047 3231 quae
1074 3173 1389 3231 nunquam
1416 3172 1540 3211 non
1580 3153 1988 3229 perferuntur.
2069 3153 2209 3211 Jam
2249 3157 2451 3212 totum

260 3266 532 3307 mensem
557 3248 667 3307 abs
692 3251 756 3305 te
781 3246 935 3304 nihil
961 3246 1123 3305 novi.
1206 3246 1300 3303 De
1327 3243 1661 3303 honoribus
1702 3243 1945 3321 quidem
1984 3245 2301 3323 titulisque
2327 3247 2455 3304 tuis

259 3358 388 3397 non
413 3338 551 3398 silet
575 3338 752 3412 fama,
780 3342 852 3395 ut
893 3338 1148 3396 libenter
1174 3338 1416 3395 credam
1454 3341 1517 3395 te
1550 3337 1679 3413 jam
1719 3335 2039 3415 στρατηγὸν
2061 3337 2296 3395 factum
2325 3355 2456 3395 esse

261 3436 327 3489 et
349 3450 460 3489 nos
486 3448 754 3508 paganos
779 3428 1072 3487 fastidire.
1155 3427 1288 3507 Ego
1309 3446 1549 3505 quoque
1574 3425 1689 3485 tibi
1715 3427 2044 3485 amicitiam
2071 3426 2454 3497 renuntiabo,

263 3521 318 3581 si
355 3520 595 3599 quando
633 3522 714 3581 ad
753 3522 1246 3599 Tigranocertam
1287 3518 1742 3597 opprimendam
1785 3519 1883 3578 vel
1922 3518 2000 3577 ad
2031 3519 2454 3595 occupandum

265 3613 546 3674 Phraatis
596 3634 855 3692 regnum
907 3614 1128 3671 missus
1182 3611 1317 3670 eris.
1429 3610 1587 3670 Sane
1645 3610 1755 3669 tibi
1807 3611 2109 3669 laureatas
2162 3609 2454 3686 epistolas

262 3706 510 3766 mittere
554 3727 677 3765 non
717 3725 980 3784 possum,
1025 3704 1132 3782 qui
1173 3722 1368 3781 neque
1408 3703 1775 3763 exercitibus
1816 3722 2013 3779 neque
2066 3702 2312 3779 regibus
2366 3706 2452 3763 te-

265 3798 645 3875 trarchisque
682 3797 1094 3859 interfuerim:
1157 3797 1261 3856 sed
1300 3815 1497 3874 neque
1536 3794 1804 3855 vicissim
1845 3812 1945 3854 eas
1982 3793 2270 3855 desidero.
2352 3794 2457 3855 Eae
