2744 4138
1216 121 1377 168 mm·
1419 123 1482 166 v.
2364 103 2448 164 73

238 271 391 331 deas
428 276 494 332 et
518 271 730 349 fruges
764 269 831 330 in
865 269 937 330 ea
972 270 1134 329 terra
1172 271 1440 348 primum
1477 273 1745 346 repertas
1785 286 1916 328 esse
1953 267 2346 338 arbitrantur,
2375 272 2440 324 et

245 372 490 444 raptam
516 385 647 425 0880
675 365 975 437 hiberam,
994 383 1176 441 quam
1202 363 1456 422 eandem
1477 361 1904 440 Proserpinam
1923 365 2162 433 vocant,
2180 380 2256 418 ex
2273 360 2438 418 Hen-

240 459 529 517 nensium
583 476 865 531 nemore;
928 456 1035 534 qui
1079 457 1266 528 100118,
1310 457 1472 534 quod
1516 456 1583 513 in
1634 453 1833 514 media
1883 458 1978 513 est
2020 454 2220 512 insula
2263 453 2434 524 situs,

247 550 575 610 umbilicus
620 548 843 608 Sicilioe
893 548 1260 608 nominatur.
1363 547 1562 621 Quam
1603 567 1744 606 oum
1783 545 2152 623 investigare
2193 549 2255 603 et
2301 564 2440 604 con-

244 641 483 718 quirere
507 642 689 702 Ceres
715 642 915 713 vellet,
944 641 1171 700 dicitur
1194 640 1600 700 inflammasse
1625 638 1814 698 taedas
1839 639 1916 698 iis
1941 638 2205 716 ignibus,
2237 637 2342 714 qui
2369 655 2443 694 ex

244 735 455 794 AEtnoe
496 735 723 794 vertice
764 738 1128 811 erumpunt3
1169 751 1320 810 quas
1361 732 1477 792 sibi
1522 751 1664 792 cum
1704 732 1838 810 ipsa
1878 729 2202 809 praeferret,
2232 729 2440 788 orbem

240 847 487 885 omnem
512 845 863 905 peragrasse
886 831 1207 886 terrarum.

364 919 589 977 Henna
627 923 850 991 autem,
877 917 985 977 ubi
1024 935 1111 988 ea,
1154 936 1289 994 quae
1324 914 1479 988 dioo,
1507 918 1682 992 gesta
1719 934 1849 974 esse
1886 918 2316 985 memorantur,
2345 918 2440 972 est

240 1011 379 1070 loco
397 1011 747 1088 perexcelso
765 1015 947 1087 atque
967 1009 1146 1080 editn,
1166 1029 1285 1086 quo
1300 1007 1367 1066 in
1385 1026 1622 1067 summo
1639 1013 1732 1067 est
1747 1011 1985 1084 aequata
2004 1006 2138 1085 agri
2157 1005 2438 1084 planities

235 1106 307 1160 et
346 1121 520 1178 aquae
562 1121 894 1180 perennes3
935 1105 1067 1159 tota
1106 1120 1253 1159 vero
1298 1100 1377 1158 ab
1423 1098 1591 1157 omni
1631 1097 1805 1158 aditu
1849 1098 2208 1158 circumcisa
2251 1102 2438 1174 atque

232 1193 547 1271 dirempta
593 1197 705 1252 est.
801 1191 1002 1266 Quam
1048 1192 1211 1250 circa
1255 1192 1425 1250 lacus
1470 1189 1712 1267 lucique
1753 1195 1902 1249 sunt
1944 1190 2210 1270 plurimi,
2258 1195 2442 1266 atque

232 1285 537 1344 laetissimi
576 1286 755 1345 flores
794 1285 961 1344 omni
1001 1289 1291 1363 tempore·
1311 1283 1489 1356 anni3
1530 1283 1720 1341 locus
1737 1288 1810 1342 ut
1834 1283 1966 1362 ipse
1991 1289 2236 1360 raptum
2260 1283 2437 1340 illum

231 1376 518 1454 virginis,
538 1396 721 1454 quem
734 1376 859 1454 jam
875 1396 913 1435 a
928 1375 1128 1454 pueris
1148 1375 1508 1452 accepimus,
1527 1375 1828 1433 declarare
1847 1374 2147 1433 videatur.
2191 1374 2440 1433 Etenim

231 1487 431 1548 prope
457 1472 551 1528 est
576 1469 864 1545 spelunca
890 1467 1181 1545 quaedam,
1211 1486 1502 1525 conversa
1527 1466 1606 1524 ad
1631 1467 1992 1544 aquilonem,
2022 1465 2264 1525 infinita
2291 1467 2428 1526 alti-

236 1559 478 1632 tudine,
509 1558 631 1637 qua
657 1559 866 1618 Ditem
901 1563 1138 1636 patrem
1172 1558 1383 1616 ferunt
1420 1562 1669 1634 repente
1709 1575 1850 1615 cum
1890 1575 2073 1615 curru
2113 1557 2434 1628 exstitisse,

228 1653 679 1729 abreptamque
722 1670 797 1709 ex
844 1669 915 1709 eo
954 1651 1086 1710 1000
1128 1649 1431 1728 virginem
1472 1668 1677 1708 secum
1717 1648 2088 1726 asportasse3
2131 1654 2194 1708 et
2233 1649 2436 1709 subito

229 1763 366 1802 non
390 1744 575 1822 longe
598 1762 637 1802 a
667 1742 987 1821 Syracusis
1014 1741 1359 1821 penetrasse
1389 1740 1506 1799 sub
1530 1745 1738 1813 terras,
1766 1741 2084 1819 lacumque
2109 1740 2176 1798 in
2201 1741 2430 1801 eoloco

229 1841 492 1914 repente
533 1836 860 1907 exstitisse,
889 1835 996 1894 ubi
1033 1855 1224 1912 usque
1264 1834 1342 1894 ad
1384 1834 1502 1892 hoc
1545 1838 1788 1911 tempus
1835 1832 2203 1911 Syracusani
2244 1833 2430 1893 festos

228 1929 370 1988 dies
410 1927 855 1990 anniversarios
892 1932 1087 2006 agunt
1114 1927 1502 1987 celeberrimo
1527 1925 1798 1986 virorum
1822 1925 2269 2003 mulierumque
2291 1945 2431 1985 con·
2495 1996 2498 1999 ι

228 2027 449 2083 ventu.

359 2115 623 2193 Propter
645 2115 831 2193 hujus
870 2114 1175 2191 opinionis
1212 2116 1602 2185 vetustatem,
1639 2112 1801 2190 quod
1827 2113 2042 2172 horum
2068 2113 2132 2171 in
2159 2113 2256 2171 his
2283 2109 2432 2173 10018

228 2206 502 2285 'vestigia
539 2226 611 2266 ac
646 2226 834 2285 prope
868 2206 1236 2265 incunabula
1259 2205 1651 2283 reperiuntur
1676 2205 1944 2278 deorum,
1973 2205 2128 2265 mira
2154 2206 2433 2283 quaedam

228 2297 369 2359 tota
416 2298 626 2359 Sicilia
663 2298 952 2378 privatim
991 2316 1062 2357 ac
1099 2298 1341 2376 publice
1377 2296 1591 2377 religio
1628 2302 1723 2356 est
1765 2296 2004 2357 Cereris
2048 2296 2428 2369 Hennensis,

228 2392 464 2451 etenim
490 2392 687 2450 multa
706 2410 862 2469 saepe
881 2372 1162 2470 prodigia
1179 2389 1308 2450 vim
1322 2391 1459 2467 ejus
1474 2410 1820 2468 numenque
1840 2390 2169 2450 declarant.
2212 2390 2428 2448 Multis

230 2504 393 2561 saepe
418 2484 485 2541 in
512 2482 880 2543 difficillimis
908 2483 1089 2542 rebus
1115 2501 1375 2560 praesens
1401 2482 1698 2541 auxilium
1723 2482 1856 2558 ejus
1881 2481 2154 2539 oblatum
2182 2486 2311 2541 est:
2355 2487 2428 2540 ut

228 2575 363 2636 11ωο
388 2575 586 2634 insula
611 2575 689 2634 ab
716 2574 785 2635 ea
811 2595 933 2635 non
966 2574 1165 2634 solum
1199 2573 1393 2651 diligi,
1425 2574 1532 2632 sed
1573 2573 1757 2631 etiam
1794 2572 1976 2631 incoli
2016 2572 2424 2650 custodirique

232 2669 534 2729 videatur.
617 2666 746 2728 Nec
780 2667 973 2726 solum
1018 2666 1227 2740 Siculi,
1255 2686 1470 2724 verum
1497 2664 1680 2723 etiam
1707 2669 1924 2723 ceteroe
1948 2668 2161 2741 gentes
2187 2662 2423 2724 nation-

228 2779 416 2840 esque
442 2759 834 2819 Hennensem
862 2757 1144 2819 Cererem
1168 2758 1430 2818 maxime
1457 2756 1896 2819 colunt—Clo.
1925 2757 1994 2816 ‘bn
2024 2757 2182 2817 Verr.
2212 2757 2293 2817 iv.
2321 2758 2421 2817 48.

1286 2978 1376 3039 X.

352 3120 554 3180 Testis
591 3124 687 3180 est
728 3118 977 3193 Graecia,
1018 3140 1173 3199 quae,
1216 3140 1357 3179 cnm
1397 3119 1752 3198 eloquentiae
1793 3120 1996 3182 studio
2035 3122 2120 3183 sit
2157 3123 2421 3199 incensa,

224 3214 585 3293 jamdiuque
611 3212 677 3269 in
712 3212 785 3271 ea
818 3217 1067 3290 praestet
1104 3212 1337 3284 ceteris,
1366 3217 1570 3273 tamen
1613 3232 1820 3273 omnes
1859 3219 2020 3276 artes
2060 3217 2426 3277 vetustiores

231 3308 436 3381 habet,
480 3311 542 3365 et
582 3304 777 3364 multo
818 3311 962 3364 ante
999 3326 1125 3366 non
1164 3307 1448 3366 inventas
1492 3307 1711 3379 solum,
1742 3307 1847 3367 sed
1887 3309 2073 3370 etiam
2112 3310 2424 3388 perfectae,

233 3418 419 3475 quam
459 3397 588 3457 11ωο
628 3399 723 3457 est
762 3415 800 3454 a
835 3396 1062 3456 Graecis
1108 3398 1418 3458 elaborata
1457 3397 1698 3456 dicendi
1730 3399 1826 3459 vis
1861 3404 2044 3477 atque
2080 3401 2270 3478 copia.
2352 3402 2429 3461 In

233 3510 419 3569 quam
470 3509 612 3549 cum
667 3489 924 3560 intueor,
979 3490 1242 3549 maxime
1292 3491 1445 3549 mihi
1497 3497 1825 3551 occurrunt
1877 3500 1940 3552 et
1995 3494 2167 3570 quasi
2220 3494 2428 3556 lucent

232 3582 492 3641 Athenoe
530 3587 684 3652 tuae3
727 3580 850 3657 qua
887 3579 954 3638 in
990 3581 1141 3639 urbe
1166 3581 1431 3658 primum
1458 3586 1663 3641 orator
1688 3602 1754 3643 se
1779 3583 2016 3655 extulit,
2043 3584 2426 3663 primumque

233 3673 640 3731 monumentis
679 3691 753 3731 ac
791 3672 983 3731 literis
1023 3673 1216 3732 oratio
1258 3677 1353 3731 est
1396 3678 1595 3751 coepta
1635 3675 1930 3735 mandari.
2011 3677 2258 3751 Tamen,
2287 3685 2432 3738 ante

235 3764 534 3825 Periclem
553 3764 760 3842 (cujus
779 3764 1006 3845 scripta
1022 3766 1303 3843 quaedam
1314 3765 1629 3843 feruntur)
1649 3770 1713 3827 et
1731 3768 2163 3849 Thucydidem,
2186 3771 2434 3851 quinon
2466 3829 2632 3851 β

1314 3871 1353 3915 G
