2744 4138
291 141 373 202 18
903 157 1032 206 nr
1076 159 1152 205 ‘ro
1196 157 1321 204 mn
1364 158 1553 204 urm
1600 157 1878 205 muna.

282 305 499 381 Neque
530 309 734 373 tamen
772 305 889 366 hoc
919 307 1079 368 tanti
1114 306 1335 368 laboris
1377 311 1486 379 est,
1525 308 1740 385 quanti
1776 308 2054 368 videtur:
2105 328 2301 387 neque
2337 316 2516 374 suni:

282 398 413 457 haec
454 398 939 476 rhythmicorum
978 403 1088 459 aut
1133 399 1504 459 musicorum
1545 399 1838 459 acerrima
1883 400 2098 460 norma
2147 402 2506 481 dirigenda.

284 491 684 551 Efficiendum
730 497 825 552 est
865 493 1020 552 illud
1073 493 1253 552 modo
1299 492 1494 565 nobis,
1540 512 1619 550 ne
1666 493 1816 553 fluat
1861 495 2071 568 oratio,
2120 516 2200 555 ne
2238 497 2510 557 insistat

282 583 555 655 interius,
584 605 662 644 ne
688 589 973 645 excurrat
1013 585 1291 662 longius;
1338 589 1412 642 ut
1449 585 1734 644 membris
1760 586 2196 664 distinguatur,
2234 594 2307 647 ut
2343 608 2500 648 con·

282 678 585 736 versiones
611 677 831 736 habeat
857 676 1185 736 absolutas.
1266 676 1478 754 Neque
1499 696 1736 755 semper
1761 679 2056 737 utendum
2083 685 2178 738 est
2205 686 2500 760 perpetu-

282 769 435 828 itate
462 774 527 828 et
552 769 728 847 quasi
755 770 1145 830 conversione
1172 769 1515 840 verborum,
1544 769 1652 828 sed
1679 790 1835 848 saepe
1862 771 2164 849 carpenda
2198 773 2498 832 membris

282 861 719 920 minutioribus
752 862 944 921 oratio
982 867 1092 934 est,
1130 880 1266 939 quae
1301 865 1509 920 tamen
1545 861 1682 940 ipsa
1720 863 1992 923 membra
2032 868 2179 923 sunt
2217 866 2500 928 numeris

280 953 829 1014 vincienda—010.
861 956 931 1014 cle
963 953 1126 1015 Orat.
1158 970 1247 1011 111.
1274 953 1374 1012 48.

1246 1167 1527 1230 XXVII.

398 1310 643 1390 Magnae
671 1310 862 1388 partis
890 1309 1038 1390 fuga
1051 1309 1195 1370 inde
1219 1310 1484 1389 primum
1511 1308 1698 1386 coepit
1722 1330 1736 1367 ε
1780 1313 1843 1368 et
1868 1310 1996 1388 jam
2021 1331 2134 1370 nec
2155 1309 2340 1386 lacus,
2367 1333 2492 1374 nec

280 1408 521 1462 montes
568 1403 893 1462 obstabant
937 1403 1169 1480 pavori.
1269 1402 1390 1460 Per
1428 1401 1632 1460 omnia
1670 1406 1803 1462 arta
1848 1408 2275 1481 proeruptaque
2311 1407 2490 1465 velut

278 1497 423 1556 caeci
460 1497 762 1556 evadunt:
818 1515 1109 1573 armaque
1153 1499 1217 1555 et
1263 1495 1381 1555 viri
1418 1514 1600 1571 super
1630 1495 1821 1553 alium
1855 1495 1958 1553 alii
2007 1497 2486 1574 proecipitantur.

278 1589 433 1651 Pars
478 1606 720 1667 magna,
768 1589 873 1647 ubi
917 1589 1087 1647 locus
1134 1587 1297 1666 fugae
1332 1587 1522 1660 deest,
1557 1606 1668 1665 per
1706 1586 1904 1664 prima
1941 1589 2100 1648 vada
2138 1589 2378 1667 paludis
2415 1591 2486 1650 in

277 1702 496 1760 aquam
539 1683 858 1762 progressi,
897 1681 1099 1760 quoad
1145 1679 1447 1757 capitibus
1493 1679 1879 1758 humerisque
1923 1685 2160 1740 exstare
2204 1690 2483 1759 possunt,

276 1797 408 1837 sese
459 1777 849 1855 immergunt.
933 1775 1145 1847 Fuere,
1197 1792 1348 1851 quos
1391 1772 1771 1838 inconsultus
1818 1793 2007 1850 pavor
2047 1774 2251 1834 nando
2294 1777 2486 1835 etiam

278 1887 589 1946 capessere
615 1878 829 1947 fugam
867 1866 1197 1944 impulerit.
1281 1864 1429 1938 Quae
1455 1864 1560 1924 ubi
1595 1865 1888 1924 immensa
1913 1886 1984 1925 ac
2013 1865 2141 1925 sine
2179 1887 2286 1944 spe
2325 1874 2484 1940 erat,

278 1965 387 2027 aut
439 1959 857 2020 deficientibus
904 1957 1123 2017 animis
1174 1956 1613 2015 hauriebantur
1659 1955 2025 2034 gurgitibus,
2069 1961 2180 2015 aut
2231 1959 2482 2035 nequic-

278 2072 464 2127 quam
486 2051 632 2121 fessi
659 2052 817 2113 vada
842 2055 1005 2109 retro
1033 2048 1343 2128 aegerrime
1367 2047 1738 2125 repetebant,
1769 2051 1955 2125 atque
1982 2047 2068 2107 ibi
2094 2048 2172 2107 ab
2192 2048 2485 2129 ingressis

277 2163 500 2220 aquam
567 2143 836 2202 hostium
876 2142 1197 2221 -equitibus
1249 2140 1479 2219 passim
1531 2141 2008 2200 trucidabantur.
2113 2141 2235 2204 Sex
2287 2143 2484 2204 millia

275 2236 468 2294 ferme
494 2234 675 2312 primi
703 2232 983 2313 agminis,
1013 2254 1121 2311 per
1145 2232 1432 2291 adversos
1459 2232 1665 2291 hostes
1685 2232 1997 2310 eruptione
2017 2232 2275 2312 impigre
2295 2234 2481 2309 faeta,

277 2329 477 2407 ignari
506 2330 793 2401 omnium,
824 2347 956 2405 quse
983 2332 1123 2406 post
1150 2346 1215 2385 se
1240 2329 1582 2403 agerentur,
1606 2346 1682 2385 ex
1701 2327 1863 2385 saltu
1891 2346 2148 2400 evasere,
2179 2334 2259 2401 et,
2289 2348 2484 2406 quum

276 2422 346 2479 in
398 2421 639 2481 tumulo
694 2420 959 2497 quodam
1022 2417 1457 2489 constitissent,
1522 2417 1846 2487 clamorem
1904 2418 2083 2477 modo
2135 2438 2207 2478 ac
2260 2440 2483 2480 sonum

276 2533 586 2572 armorum
630 2512 959 2583 audientes,
1000 2529 1133 2587 quae
1170 2508 1414 2567 fortuna
1453 2527 1675 2586 pugnae
1713 2513 1890 2581 esset,
1931 2530 2127 2588 neque
2168 2511 2321 2571 scire
2365 2533 2484 2573 nec

277 2606 616 2683 perspicere
648 2625 771 2683 prae
810 2601 1070 2681 caligine
1116 2604 1415 2679 poterant.
1518 2600 1820 2660 Inclinat&
1858 2601 2124 2680 denique
2162 2623 2245 2676 re,
2288 2624 2484 2682 quum

278 2698 677 2757 incalescente
718 2695 843 2755 sole
897 2693 1170 2772 dispulsa
1215 2691 1437 2751 nebula
1471 2691 1806 2768 aperuisset
1847 2692 2028 2765 diem,
2071 2698 2207 2753 tum
2247 2695 2484 2773 liquida

278 2790 406 2867 jam
460 2790 594 2849 luce
647 2793 883 2847 montes
931 2784 1250 2862 campique
1290 2781 1559 2859 perditas
1599 2801 1698 2841 res
1736 2787 2111 2861 stratamque
2162 2786 2483 2847 ostendere

281 2880 443 2939 foede
484 2880 821 2938 Romanam
848 2878 1055 2938 aciem.
1140 2875 1377 2952 Itaque,
1411 2892 1493 2933 ne
1517 2874 1583 2932 in
1607 2879 1959 2951 conspectos
1993 2877 2207 2954 procul
2249 2878 2482 2937 immit-

281 2974 517 3031 teretur
551 2990 747 3049 eques,
787 2969 1041 3029 sublatis
1078 2967 1301 3046 raptim
1342 2965 1554 3043 signis,
1590 2985 1773 3042 quam
1810 2966 2164 3028 citatissimo
2196 2975 2484 3047 poterant

281 3062 541 3141 agmine,
572 3083 699 3123 sese
727 3059 1388 3141 abripuerunt—Iun,
1419 3074 1561 3117 xx11.
1595 3058 1650 3119 6.

1220 3276 1543 3336 XXVIII.

360 3461 365 3465 -
400 3427 485 3486 Et
508 3425 624 3487 hoc
647 3431 711 3486 et
728 3421 1074 3501 insequenti
1091 3440 1253 3480 anno
1279 3418 1626 3498 pestilentia
1645 3418 1782 3479 fuit.
1853 3418 1936 3479 Et
1955 3440 2143 3498 quum
2163 3422 2256 3483 vis
2282 3424 2477 3483 morbi

278 3541 388 3581 nec
416 3519 697 3578 humanis
725 3515 989 3577 consiliis
1014 3534 1127 3573 nec
1142 3533 1255 3591 ope
1276 3511 1485 3571 diviua
1510 3512 1830 3586 levaretur,
1849 3513 2029 3573 victis
2050 3515 2477 3593 superstitione

276 3613 513 3685 animis,
540 3610 673 3670 ludi
708 3607 948 3678 scenici,
983 3624 1145 3665 nova
1178 3623 1275 3663 res
1315 3603 1599 3662 bellicoso
1629 3604 2077 3681 populo—nam
2117 3606 2264 3667 circi
2298 3609 2474 3668 modo

277 3704 689 3781 spectaculum
725 3698 1171 3761 fuerat—inter
1216 3695 1335 3753 alia
1370 3694 1624 3755 caelestis
1664 3694 1770 3755 irae
1816 3696 2160 3774 placamina
2205 3699 2474 3762 instituti

277 3796 581 3859 dicuntur.
667 3794 955 3859 Ceterum
981 3792 1323 3871 parva—ut
1349 3786 1541 3849 ferme
1565 3787 1866 3867 principia
1891 3791 2234 3853 omnia—et
2251 3812 2323 3854 ea
2342 3792 2482 3871 ipsa
