2744 4138
1222 157 1377 202 mm·
1422 157 1514 202 xvi
2373 141 2458 202 49

262 307 595 368 micorum
625 306 1130 383 familiariumque
1157 306 1460 378 valetudo,
1489 306 1589 364 vel
1613 324 1710 364 res
1740 303 2122 365 domestica?
2204 304 2460 366 Minime

266 395 447 459 vero!
489 398 613 476 qui,
656 399 711 457 si
750 402 1016 476 possent,
1057 397 1213 456 alter
1253 398 1516 456 alterum
1562 396 1627 454 iu
1669 396 1894 454 malam
1935 415 2174 454 crucem
2222 396 2456 454 darent.

264 491 307 550 J
311 495 535 549 uvatne
562 489 909 549 contristari
948 495 1349 548 memorantes
1390 493 1603 547 mutuo
1643 487 1854 548 caduci
1893 486 2159 564 corporis
2200 488 2456 559 doloreS,

263 582 529 654 morbOS,
577 579 1037 639 infirmitatem?
1120 579 1409 638 Placetne
1451 578 1720 637 laetitiam
1769 578 2082 638 confutare
2124 577 2348 638 Orcum
2391 580 2459 638 in

264 678 535 734 mentem
586 673 917 751 Manesque
971 672 1321 730 inamabiles
1375 671 1709 730 revocando
1731 669 1761 730 P
1868 671 2017 730 Mox
2069 671 2145 730 de
2198 667 2342 730 caelo
2396 676 2460 729 et

264 755 629 844 tempestate
656 766 821 838 anni,
850 766 925 825 de
955 770 1273 824 ventorum
1313 763 1468 821 flatu
1506 764 1784 841 lunaeque
1823 763 2258 823 mutationibus
2300 763 2457 821 serio

260 878 340 918 ac
380 858 737 936 gravissime
774 857 1215 935 adgrediuntur
1256 856 1585 934 disputare.
1672 860 1688 888 ‘
1709 855 1818 914 Nae
1857 855 2033 914 valde
2072 855 2188 914 hoc
2227 853 2458 914 arridet

261 951 487 1022 mane‚’
543 950 694 1008 dicit
745 949 980 1027 aliquis.
1083 952 1098 979 ‘
1121 947 1240 1006 Per
1292 947 1536 1024 quidem
1592 951 1802 1024 gratus
1854 947 2172 1006 hesternus
2226 945 2458 1016 imber;

260 1046 632 1120 secutusque
656 1041 927 1120 pluviam
955 1039 1046 1100 sol
1085 1039 1524 1099 fervidissimus
1551 1044 1729 1098 terrae
1768 1038 1951 1099 foetus
1979 1039 2160 1098 citius
2199 1037 2456 1096 educet.’

261 1134 484 1192 Fuerit
532 1138 725 1206 aestas,
756 1133 1046 1192 continuo
1092 1132 1428 1203 audiemus,
1462 1135 1477 1162 ‘
1495 1130 1690 1189 Ardet
1731 1131 1954 1204 Julius,
1983 1136 2189 1203 aestu0,
2218 1130 2310 1188 ita
2351 1128 2462 1186 Dii

261 1247 369 1285 me
411 1231 631 1297 ament,
674 1230 844 1286 totus
886 1229 1109 1284 oestuo:
1154 1223 1381 1283 sudant
1427 1222 1719 1282 Tartara?
1802 1222 1982 1281 Libet
2027 1223 2222 1282 obiter
2268 1222 2456 1279 anim·

261 1319 589 1378 advertere
616 1318 915 1396 gratiosos
940 1317 1090 1377 istos
1118 1335 1336 1394 supera
1374 1315 1585 1376 inferis
1610 1315 1776 1374 nullo
1803 1315 2150 1376 discrimine
2177 1315 2460 1384 miscere3

262 1431 468 1490 neque
495 1432 609 1472 cur
633 1410 698 1468 id
723 1410 951 1469 faciant
976 1410 1169 1470 habeo
1196 1410 1396 1468 dicere
1423 1414 1822 1486 praeterquam
1846 1408 2065 1486 leporis
2091 1407 2287 1467 causa.

387 1503 704 1580 Equidem,
747 1501 834 1560 mi
878 1500 1079 1572 Pater,
1122 1500 1355 1572 Latine,
1385 1501 1437 1558 si
1480 1499 1617 1576 quis
1661 1500 1834 1570 alius,
1863 1499 2090 1576 loquor.
2170 1497 2462 1556 Nondum

267 1601 479 1653 tanen
532 1593 731 1672 reperi
777 1592 1021 1671 quando
1076 1611 1326 1670 superos
1370 1590 1612 1668 quando
1653 1590 1918 1650 infernos
1965 1590 2031 1647 in
2084 1590 2462 1648 sermonibus

268 1688 498 1745 nostris
526 1685 853 1746 contestari
893 1687 1140 1756 deceat3
1180 1683 1492 1761 fateorque
1517 1703 1616 1744 me
1653 1702 2090 1760 nonnunquam
2128 1682 2463 1741 adductum

268 1784 345 1836 ut
360 1777 665 1839 crederem
683 1778 817 1837 istis
833 1777 1229 1837 oratiunculis
1246 1776 1414 1835 nullo
1435 1794 1576 1835 cum
1601 1775 1700 1833 his
1716 1781 1921 1835 actum
1942 1793 2072 1833 esse
2093 1773 2457 1833 discrimine.

268 1869 463 1929 Verbi
488 1867 699 1948 gratia,
734 1871 750 1900 ‘
772 1869 879 1926 Dii
903 1868 1065 1940 boni,
1094 1873 1396 1945 quantum
1421 1865 1613 1944 pluit!
1644 1885 1782 1925 vere
1813 1866 2034 1946 Stygia
2058 1866 2418 1944 tempestas!
2443 1864 2458 1888 ’

272 1967 590 2039 quantum,
620 1980 841 2038 quaes0,
870 1961 1039 2020 abest
1072 1962 1186 2020 hoc
1224 1961 1304 2020 ab
1331 1960 1435 2018 illo
1460 1957 1488 2017 Ρ
1575 1958 1644 2019 Si
1683 1960 1802 2019 duo
1828 1958 1894 2017 in
1920 1959 2054 2019 vico
2095 1958 2465 2018 conveniunt

272 2053 471 2126 amici,
502 2052 821 2112 Decembri
845 2072 1047 2111 mense
1084 2051 1181 2112 vel
1210 2052 1252 2111 J
1253 2051 1520 2122 annai-ie,
1549 2056 1688 2131 post
1713 2050 1926 2113 solitas
1959 2050 2464 2130 interrogationes

273 2154 339 2205 et
365 2165 651 2223 responsa
678 2146 753 2205 de
781 2146 891 2205 sua
926 2165 1305 2222 suorumque·
1330 2144 1693 2215 valetudine,
1721 2148 1858 2221 post
1884 2145 2099 2209 tussim
2138 2144 2465 2203 excitatam

274 2240 598 2316 pluresque
650 2237 728 2297 de
779 2237 1006 2315 frigore
1060 2238 1485 2314 querimonias,
1533 2241 1672 2315 post
1713 2236 1925 2315 longas
1971 2236 2045 2296 de
2089 2236 2260 2296 febre
2305 2237 2466 2295 mala

276 2331 612 2407 misereque
638 2328 929 2407 concepta
952 2330 1238 2407 ambages
1262 2354 1277 2388 ε
1320 2329 1710 2405 comploratis
1727 2328 1857 2407 jam
1883 2328 2098 2406 capitis
2138 2328 2462 2401 doloribus,

278 2422 465 2483 debili
491 2427 554 2481 et
579 2421 868 2481 dissoluto
896 2426 958 2480 et
985 2421 1312 2498 languente
1352 2421 1681 2493 stomacho,
1711 2421 2055 2479 lumborum
2091 2420 2461 2492 infirmitate,

278 2515 443 2575 tibioe
468 2514 793 2587 ulceribus,
821 2518 1027 2572 tetano
1055 2512 1326 2585 cervicis,
1355 2512 1698 2572 coxendicis
1736 2513 1942 2572 dolore
1973 2517 2037 2570 et
2063 2512 2227 2570 mille
2254 2512 2464 2589 hujus..

279 2609 461 2681 modi,
490 2610 668 2686 plura
700 2608 785 2690 sic
826 2607 1117 2679 referunt,
1149 2609 1165 2637 ‘
1183 2606 1396 2685 Friget
1435 2604 1645 2664 caelum
1686 2604 1902 2666 hodie.⁹
1988 2608 2003 2635 ‘
2025 2603 2237 2681 Friget
2275 2606 2461 2664 vero!

280 2710 297 2734 ⁴
320 2702 574 2773 Malum,
596 2705 668 2758 nt
692 2700 802 2759 flat
823 2699 836 2758 !
861 2699 876 2724 ’
961 2703 977 2731 ‘
996 2699 1171 2757 Flatu
1200 2703 1364 2763 certe
1390 2698 1500 2757 flat
1515 2697 1856 2756 vehementi
1883 2697 2182 2757 violentus
2203 2697 2462 2755 ventus.’

283 2800 299 2825 ‘
365 2799 498 2853 acet
550 2792 659 2851 nix
703 2791 866 2850 alta.’
951 2794 967 2822 ‘
986 2790 1134 2849 Alta
1177 2790 1380 2868 jacet:
1437 2790 1642 2847 multae
1689 2789 1895 2860 nives3
1937 2808 2091 2866 pura
2135 2793 2304 2866 puta,
2332 2788 2466 2849 mea

276 2884 279 2890 ’
318 2872 526 2945 'uidem
555 2883 873 2954 sententia,
902 2882 1113 2961 hyems
1141 2881 1268 2940 haec
1294 2879 1427 2941 est.’
1459 2915 1472 2925 ·
1510 2879 1723 2958 Papae!
1769 2881 1914 2959 quid
1941 2881 2188 2939 tandem
2228 2883 2463 2956 volunt,

281 2978 482 3055 siquid
536 2976 768 3047 volunt,
819 2975 952 3033 istae
1006 2974 1473 3033 narratiunculae
1527 2973 1800 3051 utrisque
1853 2972 2188 3033 necessario
2240 2975 2467 3052 pariter

282 3066 543 3147 cognitae
561 3064 748 3127 ?-G.
779 3065 847 3123 F.
878 3064 1293 3124 nffilssmn.

1100 3304 1178 3365 V.
1265 3304 1639 3383 (Famam.)

406 3437 599 3519 Cyatb
607 3458 710 3496 um
747 3435 875 3497 viui
916 3456 1107 3514 quum
1146 3441 1423 3513 posceret
1470 3436 1787 3495 Platonem
1833 3438 2154 3519 Diogenes,
2184 3440 2473 3516 congium

283 3532 533 3611 accepit.
618 3530 813 3605 Quem
839 3534 912 3588 ut
936 3529 1200 3607 primum
1227 3528 1526 3600 convenit,
1559 3534 1574 3559 ‘
1598 3528 1913 3607 Rogabam
1941 3533 2040 3605 te,’
2067 3532 2285 3610 inquit,
2318 3538 2333 3563 ‘
2352 3533 2472 3590 duo

285 3626 408 3684 dno
435 3628 621 3701 quota
659 3619 925 3681 fierent?
1011 3620 1104 3679 Tu
1145 3638 1289 3678 vero
1327 3620 1710 3697 respondisti,
1738 3622 2020 3701 Viginti!
2103 3624 2271 3684 Inest
2309 3630 2474 3682 certe

284 3715 649 3794 quibusdam
691 3712 1039 3772 hominibus
1092 3711 1241 3771 adeo
1290 3711 1553 3791 benigna
1603 3712 1836 3774 indoles
1890 3721 1963 3774 ut
2013 3716 2294 3775 arborum
2349 3716 2598 3795 Q

287 3806 545 3867 maturis
564 3806 695 3884 jam
734 3805 1029 3864 fructibus
1073 3803 1295 3863 sensim
1336 3824 1448 3863 sua
1486 3805 1688 3863 omnia
1735 3808 2097 3884 deperdant:
2143 3809 2296 3869 amir

1358 3914 1392 3953 a
