2744 4138
284 141 364 205 16
897 161 1023 206 xm
1068 161 1144 206 ro
1188 162 1312 208 ‘mn
1358 163 1546 208 num
1594 165 1872 210 MANUAL.

275 308 641 368 mittendam
667 313 880 386 putem
905 307 934 368 P
1019 309 1237 384 Citius,
1266 312 1529 382 hercule,
1558 313 1627 386 is,
1658 315 1766 392 qui
1806 315 2067 374 duorum
2108 317 2477 375 scalmorum

273 400 618 460 naviculam
657 403 723 460 in
770 407 952 479 portu
1009 404 1315 473 everterit,
1357 406 1425 462 in
1464 405 1706 464 Euxino
1747 405 1935 485 'ponto
1975 407 2481 484 Argonautarum

275 511 492 550 navem
519 495 888 571 gubernarit.
975 494 1189 569 Quid?
1277 495 1345 555 Si
1371 516 1449 555 ne
1476 517 1677 574 parvae
1699 498 1944 575 quidem
1964 519 2160 558 causae
2182 505 2343 572 sunt,
2366 503 2479 560 sed

273 605 432 663 soepe
459 588 752 659 maximae,
782 589 848 646 in
877 589 1097 665 quibus
1123 593 1393 648 certatur
1420 590 1493 648 de
1519 590 1654 667 jure
1694 591 1892 664 civili3
1932 593 2095 668 quod
2135 594 2375 651 tandem
2405 615 2478 653 os

273 685 369 736 est
407 679 570 739 illius
609 682 868 758 patroni,
902 681 1007 758 qui
1032 682 1110 740 ad
1139 701 1238 740 eas
1267 701 1481 740 causas
1511 682 1639 741 sine
1665 680 1786 741 ulla
1816 683 2068 742 scientia
2104 685 2260 762 juris
2287 687 2477 746 audet

272 772 556 830 accedere
581 770 610 829 P
723 773 871 847 Quae
931 773 1133 850 potuit
1186 773 1380 850 igitur
1428 793 1559 832 esse
1599 794 1782 834 causa
1823 777 2033 852 major,
2079 796 2261 852 quam
2302 777 2471 836 illius

272 863 500 932 militie,
531 865 606 922 de
640 867 818 942 cujus
852 871 1047 924 morte
1075 885 1211 923 cum
1241 865 1432 924 falsus
1460 867 1536 924 ab
1577 868 1848 926 exercitu
1886 868 2140 926 nuntius
2179 868 2466 942 venisset,

272 959 337 1013 et
390 960 565 1032 pater
603 957 754 1031 ejus,
805 977 870 1016 re
911 958 1157 1030 credita,
1203 963 1636 1016 testamentum
1677 957 1990 1032 mutasset,
2042 964 2120 1032 et,
2175 980 2357 1037 quem
2410 962 2472 1019 ei

274 1047 474 1104 visum
514 1054 694 1121 esset,
737 1050 979 1108 fecisset
1037 1050 1334 1121 heredem,
1400 1054 1678 1127 essetque
1735 1051 1865 1130 ipse
1926 1057 2204 1110 mortuus
2228 1050 2258 1110 Ρ
2343 1051 2469 1111 Res

271 1140 473 1200 delata
496 1152 591 1201 est
617 1143 697 1201 ad
723 1143 1147 1217 centumviros,
1178 1164 1318 1203 cum
1346 1145 1521 1202 miles
1548 1147 1797 1204 domum
1837 1146 2186 1218 revenisset,
2216 1146 2468 1225 egisset-

270 1253 392 1309 que
433 1234 568 1311 lege
628 1235 694 1294 in
753 1237 1152 1295 hereditatem
1214 1243 1531 1313 paternam
1556 1235 1585 1295 P
1707 1237 1943 1311 Nempe
1998 1238 2062 1295 in
2124 1237 2196 1297 ea
2255 1239 2468 1299 caussa

267 1325 587 1401 quaesitum
630 1331 727 1385 est
766 1326 839 1387 de
872 1329 1010 1405 jure
1052 1329 1237 1400 civili,
1280 1333 1560 1405 possetne
1600 1334 1989 1406 paternorum
2029 1331 2325 1388 bonorum
2366 1351 2475 1388 ex-.

268 1416 445 1476 heres
489 1439 618 1479 esse
657 1420 836 1493 filius,
881 1441 1060 1498 quem
1106 1426 1280 1498 pat-er
1317 1425 1678 1480 testamento
1719 1441 1913 1499 neque
1949 1421 2229 1480 heredem
2269 1443 2463 1500 neque

267 1510 628 1570 exheredem
682 1512 1020 1588 scripsisset
1072 1510 1481 1571 nominatim?
1592 1511 1801 1586 Quid?
1884 1533 2091 1590 nuper,
2152 1533 2293 1573 cum
2346 1534 2461 1590 ego

269 1603 520 1661 Auratae
545 1603 773 1681 judicio
800 1605 1036 1681 privato
1064 1623 1306 1663 causam
1333 1603 1713 1661 defenderem
1736 1627 1749 1675 ;
1792 1622 1993 1662 nonne
2021 1604 2219 1661 omnis
2246 1611 2460 1662 nostra
2555 1629 2563 1635 ⁷

269 1693 334 1751 in
366 1695 506 1773 jure
542 1701 783 1755 versata
817 1696 1083 1756 defensio
1110 1695 1251 1756 est?
1337 1695 1493 1755 Cum
1534 1695 1695 1754 enim
1737 1695 1972 1754 Marius
2010 1696 2169 1755 aedes
2209 1694 2462 1756 Auratae

266 1787 652 1860 vendidisset,
702 1809 894 1864 neque
947 1788 1174 1848 servire
1227 1788 1551 1865 quamdam
1605 1808 1809 1846 earum
1853 1789 2074 1846 aedium
2118 1792 2352 1866 partem
2393 1789 2460 1847 in

267 1880 551 1957 mancipii
597 1880 728 1958 lege
768 1881 1039 1953 dixisset,
1085 1880 1575 1952 defendebamus,
1625 1880 1925 1957 quidquid
1970 1879 2186 1939 fuisset
2230 1881 2457 1940 incom-

267 1972 431 2030 modi
460 1973 522 2028 in
551 1972 869 2049 mancipio,
898 1973 964 2030 id
1005 1973 1058 2030 si
1097 1973 1381 2031 venditor
1419 1973 1649 2043 scisset,
1678 1991 1873 2048 neque
1901 1971 2282 2044 declarasset,
2310 1993 2460 2050 prae-

267 2067 429 2121 stare
457 2063 691 2123 debere.
749 2062 883 2137 Quo
911 2063 1155 2141 quidem
1180 2064 1247 2121 in
1275 2085 1495 2143 genere
1515 2063 1826 2150 familiaris
1846 2068 2052 2122 noster
2072 2063 2454 2138 Bucculeiu8‚

266 2154 447 2213 homo
473 2176 667 2233 neque
693 2176 828 2215 meo
861 2156 1094 2234 judicio
1135 2157 1378 2229 stultuS,
1410 2162 1473 2214 et
1499 2176 1607 2213 suo
1637 2155 1809 2214 valde
1836 2156 2092 2232 sapiens,
2124 2163 2187 2215 et
2226 2177 2262 2215 a
2302 2158 2457 2235 juris

265 2249 469 2307 studio
496 2269 619 2307 non
655 2248 1004 2322 abhorrens,
1035 2249 1219 2307 simili
1255 2249 1320 2305 in
1354 2269 1422 2307 re
1457 2248 1721 2326 quodam
1759 2249 1937 2307 modo
1977 2269 2174 2326 nuper
2210 2252 2451 2310 erravit.

264 2342 424 2400 Nam
469 2361 609 2400 cum
650 2342 807 2401 aedes
854 2342 1036 2401 Fusio
1083 2344 1387 2414 venderet,
1433 2342 1499 2399 in
1545 2341 1842 2419 mancipio
1883 2342 2135 2415 lumina,
2185 2343 2276 2401 uti
2316 2349 2453 2402 tum

262 2440 480 2508 essent,
507 2435 598 2494 ita
623 2436 863 2513 recepit.
947 2435 1164 2493 Fusius
1203 2440 1427 2506 autem,
1456 2434 1636 2493 simul
1663 2440 1845 2511 atque
1873 2435 2156 2495 aedifioari
2184 2441 2451 2514 coeptum

261 2532 356 2587 est
395 2529 460 2586 in
502 2528 763 2605 quadam
809 2532 980 2605 parte
1021 2527 1206 2599 urbis,
1237 2545 1370 2603 quae
1412 2525 1591 2585 modo
1636 2546 1712 2584 ex
1754 2526 1873 2583 illis
1910 2526 2140 2586 aedibus
2183 2528 2453 2604 conspici

261 2624 481 2697 posset,
513 2622 640 2699 egit
682 2621 888 2680 statim
937 2641 1075 2679 cum
1125 2619 1469 2691 Bucculeio‚
1514 2620 1692 2695 quod,
1735 2619 2095 2693 cuicumque
2133 2622 2451 2698 particuloe

261 2712 389 2770 caeli
433 2712 785 2783 efficeretur,
825 2713 1102 2789 quamvis
1142 2717 1301 2770 esset
1329 2711 1557 2789 procul,
1587 2710 1809 2769 mutari
1835 2712 2069 2770 lumina
2093 2712 2451 2790 putabat.—

263 2802 390 2864 010.
421 2806 491 2863 de
524 2805 682 2864 Orat.
715 2823 753 2863 1.
786 2806 880 2878 38,
911 2805 966 2864 9.

1246 3044 1457 3105 XXV.

385 3179 559 3238 Nihil
601 3182 693 3237 est
731 3176 934 3255 aptius
973 3176 1050 3235 ad
1093 3176 1553 3236 delectationem
1597 3174 1856 3247 lectoris,
1886 3194 2067 3252 quam
2108 3180 2451 3251 temporum

257 3273 600 3341 varietateS,
627 3270 1006 3347 fortunaeque
1032 3269 1480 3327 vicissitudines
1501 3292 1515 3341 3
1557 3288 1692 3346 quae
1718 3267 1833 3327 etsi
1858 3267 2033 3327 nobis
2060 3267 2352 3343 optabiles
2378 3268 2446 3325 in

258 3364 620 3443 experiendo
645 3384 768 3421 non
794 3363 1062 3434 fuerunt,
1091 3362 1154 3419 in
1184 3361 1441 3438 legendo
1470 3365 1649 3419 erunt
1668 3360 1971 3438 jucuudae.
2055 3359 2257 3418 Habet
2282 3360 2444 3417 enim

257 3455 796 3535 praeteriti'doloris
833 3473 1045 3513 secura
1082 3453 1423 3512 recordatio
1462 3451 1941 3510 delectationem.
2025 3450 2255 3509 Ceteris
2282 3470 2441 3522 vern,

257 3548 423 3609 nulla
461 3548 796 3627 perfunctis
842 3546 1088 3625 propria
1132 3542 1423 3616 molestia,
1454 3564 1628 3601 casus
1664 3548 1870 3601 autem
1907 3543 2135 3601 alienos
2163 3543 2293 3601 sine
2318 3543 2443 3601 ullo

255 3643 460 3701 dolore
487 3640 882 3710 intuentibuS,
913 3638 1098 3697 etiam
1125 3638 1258 3713 ipsa
1298 3635 1709 3694 misericordia
1750 3640 1843 3693 est
1875 3635 2164 3711 jucunda.
2248 3633 2443 3707 Quem

254 3735 415 3792 enim
450 3732 726 3792 nostrum
765 3732 870 3791 ille
910 3732 1172 3789 moriens
1212 3729 1378 3805 apud
1418 3727 1791 3785 Mantineam
1833 3726 2284 3801 Epaminondas
2318 3746 2442 3786 non

252 3848 393 3886 cum
422 3828 681 3905 quadam
709 3824 1089 3884 miseratione
1132 3820 1444 3881 delectat?
1486 3820 1593 3898 qui
1634 3824 1765 3877 tum
1808 3819 2065 3896 denique
2106 3819 2222 3879 sibi
2261 3819 2441 3877 avelli
